"id","trade_px","trade_volume","b1","b2","b3","b4","b5","a1","a2","a3","a4","a5","bq1","bq2","bq3","bq4","bq5","aq1","aq2","aq3","aq4","aq5","order_date_time","trades_date_time","update_type"
272,676759.0,0.03380782,676443.0,676430.0,676421.0,676420.0,676391.0,676744.0,676749.0,676946.0,676973.0,676999.0,0.02,0.01579219,0.1293,0.0101,0.02,0.0193,0.01658438,0.5999,0.024,0.005,"20180628 09:20:18.184043","20180628 09:18:16.000000",1
10,676656.0,0.01566331,676430.0,676426.0,676421.0,676420.0,676396.0,676743.0,676744.0,676749.0,676946.0,676973.0,0.00579219,0.01,0.1293,0.0101,0.01,0.030142,0.0193,0.01658438,0.5999,0.024,"20180628 09:20:18.618865","20180628 09:20:07.000000",1
1,0.0,0.0,676463.0,676444.0,676430.0,676426.0,676420.0,676743.0,676744.0,676749.0,676828.0,676863.0,0.02,0.1532,0.00579219,0.01,0.0101,0.030142,0.0193,0.01658438,0.02,0.02,"20180628 09:20:18.899228","20000101 00:00:00.000000",1
304,676759.0,0.03380782,676463.0,676430.0,676426.0,676420.0,676385.0,676743.0,676744.0,676748.0,676749.0,676828.0,0.02,0.00579219,0.01,0.0101,0.045,0.030142,0.0193,0.5988,0.01658438,0.02,"20180628 09:20:19.178496","20180628 09:18:16.000000",1
37,676656.0,0.01566331,676463.0,676430.0,676426.0,676420.0,676385.0,676743.0,676744.0,676748.0,676749.0,676828.0,0.02,0.00579219,0.01,0.0101,0.045,0.030142,0.0193,0.5988,0.01658438,0.02,"20180628 09:20:19.228464","20180628 09:20:07.000000",1
273,676759.0,0.03380782,676469.0,676431.0,676420.0,676412.0,676385.0,676743.0,676744.0,676749.0,676862.0,676973.0,0.02,0.1482,0.0101,0.02,0.045,0.030142,0.0193,0.005,0.6038,0.024,"20180628 09:20:20.380865","20180628 09:18:16.000000",1
11,676656.0,0.01566331,676470.0,676447.0,676421.0,676420.0,676385.0,676743.0,676744.0,676749.0,676804.0,676972.0,0.00579219,0.02,0.1482,0.0101,0.045,0.04172638,0.0193,0.005,0.02,0.6038,"20180628 09:20:20.828102","20180628 09:20:07.000000",1
2,0.0,0.0,676470.0,676447.0,676436.0,676421.0,676420.0,676743.0,676744.0,676749.0,676804.0,676830.0,0.00579219,0.02,0.01,0.1482,0.0101,0.65052638,0.0193,0.005,0.02,0.02,"20180628 09:20:21.146000","20000101 00:00:00.000000",1
305,676759.0,0.03380782,676470.0,676447.0,676436.0,676420.0,676390.0,676743.0,676744.0,676749.0,676804.0,676830.0,0.14899219,0.02,0.01,0.0101,0.01,0.65052638,0.0193,0.005,0.02,0.02,"20180628 09:20:21.377159","20180628 09:18:16.000000",1
38,676656.0,0.01566331,676470.0,676447.0,676436.0,676420.0,676390.0,676743.0,676744.0,676749.0,676804.0,676830.0,0.14899219,0.02,0.01,0.0101,0.01,0.65052638,0.0193,0.005,0.02,0.02,"20180628 09:20:21.425016","20180628 09:20:07.000000",1
274,676759.0,0.03380782,676470.0,676454.0,676420.0,676407.0,676385.0,676743.0,676744.0,676748.0,676749.0,676973.0,0.00579219,0.1393,0.0101,0.01,0.045,0.04172638,0.0193,0.6149,0.005,0.024,"20180628 09:20:22.608808","20180628 09:18:16.000000",1
12,676656.0,0.01566331,676470.0,676454.0,676450.0,676421.0,676420.0,676743.0,676744.0,676749.0,676834.0,676866.0,0.00579219,0.1393,0.01999994,0.1393,0.0101,0.04172638,0.0193,0.005,0.02,0.02,"20180628 09:20:23.047024","20180628 09:20:07.000000",1
3,0.0,0.0,676470.0,676450.0,676421.0,676420.0,676407.0,676743.0,676744.0,676749.0,676834.0,676866.0,0.00579219,0.01999994,0.1393,0.0101,0.01,0.04172638,0.0193,0.005,0.02,0.02,"20180628 09:20:23.332610","20000101 00:00:00.000000",1
306,676759.0,0.03380782,676470.0,676459.0,676420.0,676406.0,676385.0,676743.0,676744.0,676749.0,676866.0,676894.0,0.00579219,0.01,0.0101,0.0329,0.045,0.65162638,0.0193,0.005,0.02,0.04,"20180628 09:20:23.605875","20180628 09:18:16.000000",1
39,676656.0,0.01566331,676470.0,676459.0,676420.0,676406.0,676385.0,676743.0,676744.0,676749.0,676866.0,676894.0,0.00579219,0.01,0.0101,0.0329,0.045,0.65162638,0.0193,0.005,0.02,0.04,"20180628 09:20:23.617109","20180628 09:20:07.000000",1
275,676759.0,0.03380782,676470.0,676456.0,676426.0,676421.0,676420.0,676743.0,676744.0,676749.0,676973.0,676999.0,0.00579219,0.01,0.01,0.1443,0.0101,0.65162638,0.0193,0.005,0.024,0.005,"20180628 09:20:24.838611","20180628 09:18:16.000000",1
13,676656.0,0.01566331,676470.0,676440.0,676427.0,676426.0,676420.0,676743.0,676744.0,676749.0,676805.0,676832.0,0.00579219,0.02,0.1443,0.01,0.0101,0.65162638,0.0193,0.005,0.02,0.02,"20180628 09:20:25.303640","20180628 09:20:07.000000",1
4,0.0,0.0,676470.0,676440.0,676427.0,676426.0,676420.0,676743.0,676744.0,676749.0,676805.0,676832.0,0.00579219,0.02,0.1443,0.01,0.0101,0.65162638,0.0193,0.005,0.02,0.02,"20180628 09:20:25.565015","20000101 00:00:00.000000",1
307,676759.0,0.03380782,676470.0,676441.0,676438.0,676426.0,676420.0,676743.0,676744.0,676749.0,676894.0,676916.0,0.00579219,0.1443,0.02,0.01,0.0101,0.65162638,0.0193,0.005,0.08,0.1392991,"20180628 09:20:25.790705","20180628 09:18:16.000000",1
40,676656.0,0.01566331,676470.0,676441.0,676438.0,676426.0,676420.0,676743.0,676744.0,676749.0,676894.0,676916.0,0.00579219,0.1443,0.02,0.01,0.0101,0.65162638,0.0193,0.005,0.08,0.1392991,"20180628 09:20:25.806176","20180628 09:20:07.000000",1
276,676759.0,0.03380782,676470.0,676453.0,676447.0,676444.0,676420.0,676743.0,676749.0,676817.0,676840.0,676865.0,0.00579219,0.01999962,0.1443,0.01,0.0101,0.65162638,0.005,0.02,0.02,0.04,"20180628 09:20:27.036614","20180628 09:18:16.000000",1
14,676656.0,0.01566331,676470.0,676454.0,676453.0,676452.0,676444.0,676743.0,676749.0,676816.0,676817.0,676840.0,0.00579219,0.1443,0.01999962,0.01,0.01,0.04172638,0.005,0.6099,0.02,0.02,"20180628 09:20:27.530384","20180628 09:20:07.000000",1
5,0.0,0.0,676470.0,676465.0,676454.0,676452.0,676420.0,676742.0,676743.0,676749.0,676865.0,676890.0,0.00579219,0.02,0.1443,0.01,0.0101,0.6099,0.04172638,0.005,0.04,0.08,"20180628 09:20:27.783820","20000101 00:00:00.000000",1
308,676759.0,0.03380782,676470.0,676465.0,676459.0,676454.0,676452.0,676742.0,676743.0,676749.0,676890.0,676912.0,0.00579219,0.02,0.01,0.1443,0.01,0.6099,0.01158438,0.005,0.08,0.1392991,"20180628 09:20:27.977397","20180628 09:18:16.000000",1
41,676656.0,0.01566331,676470.0,676465.0,676459.0,676454.0,676452.0,676742.0,676743.0,676749.0,676890.0,676912.0,0.00579219,0.02,0.01,0.1443,0.01,0.6099,0.01158438,0.005,0.08,0.1392991,"20180628 09:20:28.028487","20180628 09:20:07.000000",1
277,676759.0,0.03380782,676470.0,676460.0,676459.0,676437.0,676420.0,676741.0,676749.0,676812.0,676845.0,676898.0,0.00579219,0.1443,0.01,0.02,0.0101,0.03556319,0.005,0.02,0.02,0.04,"20180628 09:20:29.270331","20180628 09:18:16.000000",1
15,676656.0,0.01566331,676471.0,676470.0,676460.0,676420.0,676406.0,676741.0,676749.0,676845.0,676898.0,676928.0,0.01,0.00579219,0.1443,0.0101,0.0329,0.03556319,0.005,0.02,0.04,0.08,"20180628 09:20:29.730342","20180628 09:20:07.000000",1
6,0.0,0.0,676471.0,676470.0,676465.0,676460.0,676449.0,676741.0,676749.0,676844.0,676928.0,676944.0,0.01,0.00579219,0.01,0.1443,0.02,0.03556319,0.005,0.6099,0.08,0.1392991,"20180628 09:20:29.979564","20000101 00:00:00.000000",1
309,676759.0,0.03380782,676471.0,676470.0,676449.0,676420.0,676418.0,676736.0,676741.0,676749.0,676897.0,676973.0,0.1443,0.00579219,0.02,0.0101,0.02,0.0193,0.03556319,0.005,0.6099,0.024,"20180628 09:20:30.242019","20180628 09:18:16.000000",1
42,676656.0,0.01566331,676471.0,676470.0,676449.0,676420.0,676418.0,676736.0,676741.0,676749.0,676897.0,676973.0,0.1443,0.00579219,0.02,0.0101,0.02,0.0193,0.03556319,0.005,0.6099,0.024,"20180628 09:20:30.263832","20180628 09:20:07.000000",1
278,676759.0,0.03380782,676466.0,676455.0,676420.0,676406.0,676392.0,676735.0,676736.0,676741.0,676749.0,676751.0,0.15509219,0.01,0.0101,0.0329,0.01,0.033082,0.0193,0.00579219,0.005,0.02,"20180628 09:20:31.518948","20180628 09:18:16.000000",1
16,676656.0,0.01566331,676466.0,676455.0,676420.0,676406.0,676392.0,676735.0,676736.0,676741.0,676749.0,676751.0,0.15509219,0.01,0.0101,0.0329,0.01,0.033082,0.0193,0.00579219,0.005,0.02,"20180628 09:20:31.936681","20180628 09:20:07.000000",1
7,0.0,0.0,676466.0,676421.0,676420.0,676406.0,676392.0,676735.0,676736.0,676741.0,676748.0,676749.0,0.00579219,0.1493,0.0101,0.0329,0.01,0.033082,0.0193,0.00579219,0.6049,0.005,"20180628 09:20:32.171604","20000101 00:00:00.000000",1
43,676656.0,0.01566331,676466.0,676421.0,676420.0,676406.0,676392.0,676735.0,676736.0,676741.0,676748.0,676749.0,0.00579219,0.1493,0.0101,0.0329,0.01,0.033082,0.0193,0.00579219,0.6049,0.005,"20180628 09:20:32.465327","20180628 09:20:07.000000",1
310,676759.0,0.03380782,676466.0,676421.0,676420.0,676406.0,676392.0,676735.0,676736.0,676741.0,676748.0,676749.0,0.00579219,0.1493,0.0101,0.0329,0.01,0.033082,0.0193,0.00579219,0.6049,0.005,"20180628 09:20:32.466719","20180628 09:18:16.000000",1
279,676759.0,0.03380782,676466.0,676461.0,676421.0,676420.0,676406.0,676735.0,676736.0,676741.0,676742.0,676749.0,0.00579219,0.01,0.1411,0.0101,0.0329,0.033082,0.0193,0.00579219,0.5967,0.005,"20180628 09:20:33.752688","20180628 09:18:16.000000",1
17,676656.0,0.01566331,676466.0,676448.0,676426.0,676420.0,676415.0,676735.0,676736.0,676741.0,676748.0,676749.0,0.00579219,0.02,0.01,0.0101,0.02,0.033082,0.0193,0.00579219,0.5967,0.005,"20180628 09:20:34.122887","20180628 09:20:07.000000",1
8,0.0,0.0,676466.0,676448.0,676426.0,676420.0,676415.0,676735.0,676736.0,676741.0,676748.0,676749.0,0.00579219,0.02,0.01,0.0101,0.02,0.033082,0.0193,0.00579219,0.5967,0.005,"20180628 09:20:34.365947","20000101 00:00:00.000000",1
311,676759.0,0.03380782,676466.0,676420.0,676406.0,676385.0,676379.0,676735.0,676736.0,676741.0,676744.0,676748.0,0.00579219,0.0301,0.0329,0.045,0.02,0.033082,0.0193,0.00579219,0.02,0.5967,"20180628 09:20:35.136378","20180628 09:18:16.000000",1
44,676656.0,0.01566331,676466.0,676420.0,676406.0,676385.0,676379.0,676735.0,676736.0,676741.0,676744.0,676748.0,0.00579219,0.0301,0.0329,0.045,0.02,0.033082,0.0193,0.00579219,0.02,0.5967,"20180628 09:20:35.184461","20180628 09:20:07.000000",1
280,676759.0,0.03380782,676466.0,676421.0,676420.0,676412.0,676406.0,676735.0,676736.0,676741.0,676743.0,676749.0,0.00579219,0.1302,0.0101,0.02,0.0329,0.033082,0.0193,0.00579219,0.5958,0.005,"20180628 09:20:35.948455","20180628 09:18:16.000000",1
18,676656.0,0.01566331,676466.0,676421.0,676420.0,676412.0,676406.0,676735.0,676736.0,676741.0,676748.0,676749.0,0.00579219,0.1302,0.0101,0.02,0.0329,0.033082,0.0193,0.00579219,0.5958,0.005,"20180628 09:20:36.349057","20180628 09:20:07.000000",1
9,0.0,0.0,676466.0,676421.0,676420.0,676406.0,676385.0,676735.0,676736.0,676741.0,676748.0,676749.0,0.00579219,0.1302,0.0101,0.0329,0.045,0.033082,0.0193,0.00579219,0.5958,0.005,"20180628 09:20:36.597630","20000101 00:00:00.000000",1
312,676759.0,0.03380782,676466.0,676426.0,676421.0,676420.0,676406.0,676735.0,676736.0,676741.0,676748.0,676749.0,0.00579219,0.02,0.1302,0.0101,0.0329,0.033082,0.0193,0.02579219,0.5958,0.005,"20180628 09:20:36.618193","20180628 09:18:16.000000",1
45,676656.0,0.01566331,676466.0,676426.0,676421.0,676420.0,676406.0,676735.0,676736.0,676741.0,676748.0,676749.0,0.00579219,0.02,0.1302,0.0101,0.0329,0.033082,0.0193,0.02579219,0.5958,0.005,"20180628 09:20:36.637058","20180628 09:20:07.000000",1
281,676759.0,0.03380782,676466.0,676427.0,676420.0,676406.0,676390.0,676735.0,676736.0,676740.0,676749.0,676823.0,0.00579219,0.1302,0.0101,0.0329,0.02,0.033082,0.0193,0.5958,0.005,0.04,"20180628 09:20:37.477023","20180628 09:18:16.000000",1
19,676656.0,0.01566331,676466.0,676421.0,676420.0,676406.0,676394.0,676735.0,676736.0,676740.0,676749.0,676823.0,0.00579219,0.1302,0.0101,0.0329,0.02,0.033082,0.0193,0.5958,0.005,0.04,"20180628 09:20:37.813063","20180628 09:20:07.000000",1
10,0.0,0.0,676466.0,676421.0,676420.0,676406.0,676394.0,676735.0,676736.0,676749.0,676822.0,676973.0,0.00579219,0.1302,0.0101,0.0329,0.02,0.033082,0.0193,0.005,0.5958,0.024,"20180628 09:20:38.081274","20000101 00:00:00.000000",1
46,676656.0,0.01566331,676466.0,676421.0,676420.0,676406.0,676394.0,676735.0,676736.0,676749.0,676822.0,676973.0,0.00579219,0.1302,0.0101,0.0329,0.02,0.033082,0.0193,0.005,0.5958,0.024,"20180628 09:20:38.130623","20180628 09:20:07.000000",1
313,676759.0,0.03380782,676466.0,676421.0,676420.0,676406.0,676394.0,676735.0,676736.0,676749.0,676822.0,676973.0,0.00579219,0.1302,0.0101,0.0329,0.02,0.033082,0.0193,0.005,0.5958,0.024,"20180628 09:20:38.143568","20180628 09:18:16.000000",1
282,676759.0,0.03380782,676466.0,676426.0,676425.0,676421.0,676420.0,676735.0,676736.0,676749.0,676787.0,676816.0,0.00579219,0.02,0.01999874,0.1302,0.0101,0.03887419,0.0193,0.005,0.02,0.02,"20180628 09:20:38.936310","20180628 09:18:16.000000",1
20,676656.0,0.01566331,676466.0,676427.0,676425.0,676420.0,676406.0,676735.0,676736.0,676748.0,676749.0,676787.0,0.00579219,0.1302,0.01999874,0.0101,0.0329,0.03887419,0.0193,0.5958,0.005,0.02,"20180628 09:20:39.303887","20180628 09:20:07.000000",1
11,0.0,0.0,676466.0,676427.0,676426.0,676425.0,676420.0,676735.0,676736.0,676748.0,676749.0,676787.0,0.00579219,0.1302,0.02,0.01999874,0.0101,0.03887419,0.0193,0.5958,0.005,0.02,"20180628 09:20:39.540591","20000101 00:00:00.000000",1
47,676656.0,0.01566331,676466.0,676427.0,676426.0,676425.0,676420.0,676735.0,676736.0,676748.0,676749.0,676787.0,0.00579219,0.1302,0.02,0.01999874,0.0101,0.03887419,0.0193,0.5958,0.005,0.02,"20180628 09:20:39.590456","20180628 09:20:07.000000",1
314,676759.0,0.03380782,676466.0,676426.0,676420.0,676417.0,676406.0,676735.0,676736.0,676748.0,676749.0,676890.0,0.00579219,0.1302,0.0101,0.02,0.0329,0.03887419,0.0193,0.5958,0.005,0.08,"20180628 09:20:39.613087","20180628 09:18:16.000000",1
283,676759.0,0.03380782,676466.0,676433.0,676432.0,676420.0,676406.0,676735.0,676749.0,676972.0,676973.0,676999.0,0.00579219,0.1266,0.02,0.0101,0.0329,0.03887419,0.005,0.5922,0.024,0.005,"20180628 09:20:40.401947","20180628 09:18:16.000000",1
21,676656.0,0.01566331,676466.0,676439.0,676433.0,676420.0,676406.0,676735.0,676749.0,676814.0,676972.0,676973.0,0.00579219,0.01999837,0.1266,0.0101,0.0329,0.03887419,0.005,0.02,0.5922,0.024,"20180628 09:20:40.787940","20180628 09:20:07.000000",1
12,0.0,0.0,676466.0,676439.0,676438.0,676433.0,676420.0,676735.0,676749.0,676814.0,676844.0,676865.0,0.00579219,0.01999837,0.02,0.1266,0.0101,0.03887419,0.005,0.02,0.02,0.04,"20180628 09:20:41.017009","20000101 00:00:00.000000",1
48,676656.0,0.01566331,676466.0,676439.0,676438.0,676433.0,676420.0,676735.0,676749.0,676814.0,676844.0,676865.0,0.00579219,0.01999837,0.02,0.1266,0.0101,0.03887419,0.005,0.02,0.02,0.04,"20180628 09:20:41.055844","20180628 09:20:07.000000",1
284,676759.0,0.03380782,676466.0,676440.0,676420.0,676406.0,676385.0,676735.0,676749.0,676813.0,676844.0,676865.0,0.00579219,0.1266,0.0101,0.0329,0.045,0.03887419,0.005,0.5922,0.02,0.04,"20180628 09:20:41.874202","20180628 09:18:16.000000",1
22,676656.0,0.01566331,676466.0,676455.0,676445.0,676440.0,676427.0,676735.0,676749.0,676813.0,676865.0,676888.0,0.00579219,0.02,0.02,0.1266,0.02,0.03887419,0.005,0.5922,0.04,0.08,"20180628 09:20:42.242310","20180628 09:20:07.000000",1
13,0.0,0.0,676466.0,676427.0,676421.0,676420.0,676408.0,676735.0,676749.0,676843.0,676973.0,676999.0,0.00579219,0.02,0.1266,0.0101,0.04,0.03887419,0.005,0.5922,0.024,0.005,"20180628 09:20:42.478339","20000101 00:00:00.000000",1
49,676656.0,0.01566331,676466.0,676456.0,676445.0,676420.0,676412.0,676735.0,676749.0,676781.0,676812.0,676973.0,0.00579219,0.1266,0.02,0.0101,0.01999913,0.03887419,0.005,0.02,0.5922,0.024,"20180628 09:20:42.581751","20180628 09:20:07.000000",1
315,676759.0,0.03380782,676466.0,676456.0,676445.0,676420.0,676412.0,676735.0,676749.0,676781.0,676807.0,676812.0,0.00579219,0.1266,0.02,0.0101,0.01999913,0.03887419,0.005,0.02,0.02,0.5922,"20180628 09:20:42.870602","20180628 09:18:16.000000",1
285,676759.0,0.03380782,676466.0,676446.0,676420.0,676412.0,676385.0,676735.0,676741.0,676749.0,676780.0,676807.0,0.00579219,0.1266,0.0101,0.01999913,0.045,0.00579219,0.01,0.005,0.5922,0.02,"20180628 09:20:43.358524","20180628 09:18:16.000000",1
23,676656.0,0.01566331,676466.0,676461.0,676421.0,676420.0,676400.0,676735.0,676741.0,676749.0,676780.0,676843.0,0.00579219,0.02,0.1266,0.0101,0.02,0.00579219,0.01,0.005,0.5922,0.04,"20180628 09:20:43.707646","20180628 09:20:07.000000",1
14,0.0,0.0,676466.0,676461.0,676421.0,676420.0,676400.0,676735.0,676741.0,676749.0,676780.0,676871.0,0.00579219,0.02,0.1266,0.0101,0.02,0.00579219,0.01,0.005,0.5922,0.08,"20180628 09:20:43.945716","20000101 00:00:00.000000",1
50,676656.0,0.01566331,676466.0,676462.0,676461.0,676420.0,676400.0,676730.0,676735.0,676741.0,676749.0,676842.0,0.00579219,0.1266,0.01,0.0101,0.02,0.0193,0.00579219,0.01,0.005,0.5922,"20180628 09:20:44.048879","20180628 09:20:07.000000",1
316,676759.0,0.03380782,676466.0,676462.0,676426.0,676420.0,676385.0,676730.0,676735.0,676741.0,676749.0,676842.0,0.00579219,0.1266,0.02,0.0101,0.045,0.0193,0.00579219,0.01,0.005,0.5922,"20180628 09:20:44.344293","20180628 09:18:16.000000",1
286,676759.0,0.03380782,676466.0,676462.0,676426.0,676420.0,676397.0,676730.0,676735.0,676741.0,676749.0,676763.0,0.00579219,0.1266,0.01,0.0101,0.0199996,0.0193,0.00579219,0.01,0.005,0.02,"20180628 09:20:44.797848","20180628 09:18:16.000000",1
24,676656.0,0.01566331,676467.0,676466.0,676427.0,676420.0,676397.0,676730.0,676735.0,676741.0,676749.0,676763.0,0.02,0.00579219,0.1266,0.0101,0.0199996,0.0193,0.00579219,0.01,0.005,0.02,"20180628 09:20:45.174360","20180628 09:20:07.000000",1
15,0.0,0.0,676467.0,676466.0,676421.0,676420.0,676385.0,676730.0,676735.0,676741.0,676749.0,676762.0,0.02,0.00579219,0.1266,0.0101,0.045,0.0193,0.00579219,0.01,0.005,0.5922,"20180628 09:20:45.440634","20000101 00:00:00.000000",1
51,676656.0,0.01566331,676467.0,676466.0,676421.0,676420.0,676385.0,676730.0,676735.0,676741.0,676749.0,676762.0,0.02,0.00579219,0.1266,0.0101,0.045,0.0193,0.00579219,0.01,0.005,0.5922,"20180628 09:20:45.534033","20180628 09:20:07.000000",1
317,676759.0,0.03380782,676467.0,676466.0,676437.0,676421.0,676420.0,676730.0,676735.0,676741.0,676749.0,676762.0,0.01,0.00579219,0.02,0.1266,0.0101,0.0193,0.00579219,0.01,0.005,0.5922,"20180628 09:20:45.807070","20180628 09:18:16.000000",1
287,676759.0,0.03380782,676468.0,676466.0,676437.0,676426.0,676420.0,676729.0,676730.0,676735.0,676741.0,676749.0,0.1266,0.00579219,0.050905,0.02,0.0101,0.033047,0.0193,0.00579219,0.01,0.005,"20180628 09:20:46.260036","20180628 09:18:16.000000",1
25,676656.0,0.01566331,676466.0,676438.0,676437.0,676420.0,676393.0,676729.0,676730.0,676735.0,676740.0,676741.0,0.00579219,0.1266,0.030905,0.0101,0.01999983,0.033047,0.0193,0.00579219,0.5922,0.01,"20180628 09:20:46.646643","20180628 09:20:07.000000",1
16,0.0,0.0,676473.0,676438.0,676437.0,676420.0,676393.0,676729.0,676730.0,676735.0,676740.0,676741.0,0.01,0.1266,0.030905,0.0101,0.01999983,0.033047,0.0193,0.00579219,0.5922,0.01,"20180628 09:20:46.924438","20000101 00:00:00.000000",1
52,676656.0,0.01566331,676473.0,676438.0,676437.0,676420.0,676393.0,676729.0,676730.0,676735.0,676740.0,676741.0,0.01,0.1266,0.030905,0.0101,0.01999983,0.033047,0.0193,0.00579219,0.5922,0.01,"20180628 09:20:46.998421","20180628 09:20:07.000000",1
318,676759.0,0.03380782,676473.0,676438.0,676437.0,676420.0,676393.0,676729.0,676730.0,676735.0,676740.0,676741.0,0.02,0.1266,0.030905,0.0101,0.01999983,0.033047,0.0193,0.00579219,0.5922,0.01,"20180628 09:20:47.278622","20180628 09:18:16.000000",1
288,676759.0,0.03380782,676474.0,676438.0,676437.0,676420.0,676390.0,676729.0,676730.0,676735.0,676740.0,676741.0,0.00579219,0.1266,0.030905,0.0101,0.02,0.033047,0.0193,0.00579219,0.5922,0.01,"20180628 09:20:47.715601","20180628 09:18:16.000000",1
26,676656.0,0.01566331,676474.0,676444.0,676443.0,676437.0,676420.0,676729.0,676730.0,676735.0,676740.0,676741.0,0.00579219,0.1266,0.02,0.030905,0.0101,0.033047,0.0193,0.00579219,0.5922,0.01,"20180628 09:20:48.089327","20180628 09:20:07.000000",1
17,0.0,0.0,676474.0,676444.0,676443.0,676437.0,676420.0,676729.0,676730.0,676735.0,676740.0,676741.0,0.00579219,0.1266,0.01,0.030905,0.0101,0.033047,0.0193,0.00579219,0.5922,0.01,"20180628 09:20:48.403616","20000101 00:00:00.000000",1
53,676656.0,0.01566331,676474.0,676444.0,676443.0,676437.0,676420.0,676729.0,676730.0,676735.0,676740.0,676741.0,0.00579219,0.1266,0.01,0.030905,0.0101,0.033047,0.0193,0.00579219,0.5922,0.01,"20180628 09:20:48.437128","20180628 09:20:07.000000",1
319,676759.0,0.03380782,676474.0,676449.0,676444.0,676437.0,676420.0,676729.0,676730.0,676735.0,676738.0,676740.0,0.00579219,0.02,0.1266,0.030905,0.0101,0.033047,0.0193,0.00579219,0.02,0.5922,"20180628 09:20:48.757684","20180628 09:18:16.000000",1
289,676759.0,0.03380782,676474.0,676449.0,676437.0,676420.0,676385.0,676729.0,676730.0,676735.0,676738.0,676741.0,0.00579219,0.02,0.030905,0.0101,0.045,0.033047,0.0193,0.00579219,0.02,0.01,"20180628 09:20:49.172986","20180628 09:18:16.000000",1
27,676656.0,0.01566331,676474.0,676450.0,676437.0,676420.0,676385.0,676729.0,676730.0,676735.0,676737.0,676738.0,0.00579219,0.1266,0.030905,0.0101,0.045,0.033047,0.0193,0.00579219,0.5922,0.02,"20180628 09:20:49.535600","20180628 09:20:07.000000",1
18,0.0,0.0,676475.0,676474.0,676438.0,676420.0,676390.0,676729.0,676730.0,676735.0,676737.0,676741.0,0.031066,0.00579219,0.1266,0.0101,0.02,0.033047,0.0193,0.00579219,0.5922,0.01,"20180628 09:20:49.858345","20000101 00:00:00.000000",1
54,676656.0,0.01566331,676475.0,676474.0,676438.0,676420.0,676390.0,676729.0,676730.0,676735.0,676737.0,676741.0,0.031066,0.00579219,0.1266,0.0101,0.02,0.033047,0.0193,0.00579219,0.5922,0.01,"20180628 09:20:49.899036","20180628 09:20:07.000000",1
320,676759.0,0.03380782,676476.0,676475.0,676474.0,676420.0,676385.0,676729.0,676730.0,676735.0,676740.0,676741.0,0.1266,0.031066,0.00579219,0.0101,0.045,0.033047,0.0193,0.00579219,0.5922,0.01,"20180628 09:20:50.209981","20180628 09:18:16.000000",1
290,676759.0,0.03380782,676476.0,676475.0,676443.0,676420.0,676385.0,676724.0,676729.0,676730.0,676735.0,676740.0,0.1266,0.031066,0.02,0.0101,0.045,0.02,0.033047,0.0193,0.00579219,0.5922,"20180628 09:20:50.671129","20180628 09:18:16.000000",1
28,676656.0,0.01566331,676476.0,676475.0,676443.0,676420.0,676385.0,676724.0,676729.0,676730.0,676735.0,676740.0,0.1266,0.031066,0.01,0.0101,0.045,0.02,0.033047,0.0193,0.00579219,0.5922,"20180628 09:20:51.005743","20180628 09:20:07.000000",1
19,0.0,0.0,676481.0,676477.0,676476.0,676475.0,676420.0,676723.0,676724.0,676729.0,676730.0,676735.0,0.02,0.00579219,0.1266,0.031066,0.0101,0.0301,0.02,0.5972,0.0193,0.00579219,"20180628 09:20:51.323318","20000101 00:00:00.000000",1
55,676656.0,0.01566331,676481.0,676477.0,676476.0,676475.0,676420.0,676723.0,676730.0,676735.0,676741.0,676748.0,0.02,0.00579219,0.1266,0.031066,0.0101,0.0301,0.0193,0.00579219,0.01,0.5972,"20180628 09:20:51.376578","20180628 09:20:07.000000",1
321,676759.0,0.03380782,676481.0,676477.0,676476.0,676475.0,676420.0,676723.0,676730.0,676741.0,676748.0,676749.0,0.02,0.00579219,0.1266,0.031066,0.0101,0.0301,0.0193,0.01,0.5972,0.005,"20180628 09:20:51.697203","20180628 09:18:16.000000",1
291,676759.0,0.03380782,676482.0,676481.0,676477.0,676475.0,676420.0,676723.0,676730.0,676740.0,676741.0,676749.0,0.1266,0.02,0.00579219,0.031066,0.0101,0.03589219,0.0193,0.5922,0.01,0.005,"20180628 09:20:52.139912","20180628 09:18:16.000000",1
29,676656.0,0.01566331,676481.0,676477.0,676475.0,676420.0,676406.0,676723.0,676730.0,676741.0,676748.0,676749.0,0.02,0.00579219,0.031066,0.0101,0.1216,0.03589219,0.0193,0.01,0.5972,0.005,"20180628 09:20:52.461146","20180628 09:20:07.000000",1
20,0.0,0.0,676475.0,676428.0,676420.0,676406.0,676385.0,676723.0,676730.0,676741.0,676748.0,676749.0,0.031066,0.01999807,0.0101,0.1216,0.045,0.03589219,0.0193,0.01,0.5972,0.005,"20180628 09:20:52.786222","20000101 00:00:00.000000",1
56,676656.0,0.01566331,676475.0,676428.0,676420.0,676406.0,676385.0,676723.0,676730.0,676741.0,676748.0,676749.0,0.031066,0.01999807,0.0101,0.1216,0.045,0.03589219,0.0193,0.01,0.5972,0.005,"20180628 09:20:52.854488","20180628 09:20:07.000000",1
322,676759.0,0.03380782,676476.0,676450.0,676428.0,676420.0,676411.0,676723.0,676730.0,676740.0,676741.0,676749.0,0.00579219,0.031976,0.01999807,0.0101,0.02,0.03589219,0.0193,0.5972,0.01,0.005,"20180628 09:20:53.171843","20180628 09:18:16.000000",1
292,676759.0,0.03380782,676476.0,676450.0,676429.0,676420.0,676411.0,676723.0,676730.0,676740.0,676741.0,676749.0,0.00579219,0.031976,0.1216,0.0101,0.02,0.03589219,0.0193,0.5972,0.01,0.005,"20180628 09:20:53.593587","20180628 09:18:16.000000",1
30,676656.0,0.01566331,676476.0,676451.0,676434.0,676420.0,676407.0,676723.0,676730.0,676740.0,676741.0,676749.0,0.00579219,0.1266,0.02,0.0101,0.02,0.00579219,0.0193,0.5972,0.01,0.005,"20180628 09:20:53.917788","20180628 09:20:07.000000",1
21,0.0,0.0,676476.0,676451.0,676434.0,676420.0,676407.0,676723.0,676740.0,676741.0,676749.0,676973.0,0.00579219,0.1266,0.02,0.0101,0.02,0.00579219,0.5972,0.01,0.005,0.024,"20180628 09:20:54.249406","20000101 00:00:00.000000",1
57,676656.0,0.01566331,676476.0,676451.0,676434.0,676420.0,676407.0,676723.0,676740.0,676741.0,676749.0,676973.0,0.00579219,0.1266,0.02,0.0101,0.02,0.00579219,0.5972,0.01,0.005,0.024,"20180628 09:20:54.300988","20180628 09:20:07.000000",1
323,676759.0,0.03380782,676476.0,676456.0,676435.0,676420.0,676409.0,676723.0,676741.0,676749.0,676780.0,676813.0,0.00579219,0.02,0.116,0.0101,0.01999872,0.00579219,0.01,0.005,0.02,0.02,"20180628 09:20:54.652612","20180628 09:18:16.000000",1
293,676759.0,0.03380782,676476.0,676456.0,676421.0,676420.0,676409.0,676723.0,676741.0,676749.0,676780.0,676813.0,0.00579219,0.02,0.116,0.0101,0.01999872,0.00579219,0.01,0.005,0.02,0.02,"20180628 09:20:55.028114","20180628 09:18:16.000000",1
31,676656.0,0.01566331,676476.0,676456.0,676421.0,676420.0,676409.0,676723.0,676741.0,676749.0,676780.0,676813.0,0.00579219,0.02,0.116,0.0101,0.01999872,0.00579219,0.01,0.005,0.02,0.02,"20180628 09:20:55.359685","20180628 09:20:07.000000",1
22,0.0,0.0,676476.0,676457.0,676451.0,676426.0,676420.0,676723.0,676741.0,676749.0,676812.0,676839.0,0.00579219,0.116,0.02,0.02,0.0301,0.00579219,0.01,0.005,0.5816,0.04,"20180628 09:20:55.717490","20000101 00:00:00.000000",1
58,676656.0,0.01566331,676476.0,676457.0,676451.0,676426.0,676420.0,676723.0,676741.0,676749.0,676812.0,676839.0,0.00579219,0.116,0.02,0.02,0.0301,0.00579219,0.01,0.005,0.5816,0.04,"20180628 09:20:55.761164","20180628 09:20:07.000000",1
324,676759.0,0.03380782,676476.0,676457.0,676451.0,676426.0,676420.0,676723.0,676741.0,676749.0,676812.0,676839.0,0.00579219,0.116,0.02,0.02,0.0301,0.00579219,0.01,0.005,0.5816,0.04,"20180628 09:20:56.104197","20180628 09:18:16.000000",1
294,676759.0,0.03380782,676476.0,676452.0,676451.0,676426.0,676420.0,676723.0,676741.0,676749.0,676838.0,676973.0,0.00579219,0.116,0.02,0.02,0.0301,0.00579219,0.01,0.005,0.5816,0.024,"20180628 09:20:56.481705","20180628 09:18:16.000000",1
32,676656.0,0.01566331,676476.0,676462.0,676427.0,676420.0,676400.0,676713.0,676718.0,676723.0,676741.0,676749.0,0.00579219,0.02,0.116,0.0101,0.031941,0.02,0.0193,0.00579219,0.01,0.005,"20180628 09:20:56.833987","20180628 09:20:07.000000",1
23,0.0,0.0,676476.0,676427.0,676420.0,676400.0,676385.0,676713.0,676718.0,676723.0,676741.0,676749.0,0.00579219,0.116,0.0101,0.031941,0.045,0.02,0.0193,0.00579219,0.01,0.005,"20180628 09:20:57.216447","20000101 00:00:00.000000",1
59,676656.0,0.01566331,676476.0,676427.0,676420.0,676400.0,676385.0,676713.0,676718.0,676723.0,676741.0,676749.0,0.00579219,0.116,0.0101,0.031941,0.045,0.02,0.0193,0.00579219,0.01,0.005,"20180628 09:20:57.237162","20180628 09:20:07.000000",1
325,676759.0,0.03380782,676476.0,676432.0,676420.0,676401.0,676400.0,676712.0,676718.0,676723.0,676741.0,676748.0,0.00579219,0.02,0.0101,0.116,0.031941,0.032172,0.0193,0.00579219,0.01,0.5816,"20180628 09:20:57.579890","20180628 09:18:16.000000",1
295,676759.0,0.03380782,676476.0,676433.0,676432.0,676420.0,676400.0,676712.0,676718.0,676723.0,676740.0,676741.0,0.00579219,0.116,0.01,0.0101,0.031941,0.032172,0.0193,0.00579219,0.5816,0.01,"20180628 09:20:57.992749","20180628 09:18:16.000000",1
33,676656.0,0.01566331,676476.0,676433.0,676420.0,676406.0,676400.0,676712.0,676718.0,676723.0,676740.0,676741.0,0.00579219,0.116,0.0101,0.01,0.031941,0.032172,0.0193,0.00579219,0.5816,0.01,"20180628 09:20:58.301866","20180628 09:20:07.000000",1
24,0.0,0.0,676476.0,676421.0,676420.0,676406.0,676401.0,676712.0,676718.0,676723.0,676740.0,676741.0,0.00579219,0.1101,0.0101,0.02,0.01999859,0.032172,0.0193,0.00579219,0.5816,0.01,"20180628 09:20:58.676412","20000101 00:00:00.000000",1
60,676656.0,0.01566331,676476.0,676421.0,676420.0,676406.0,676401.0,676712.0,676718.0,676723.0,676740.0,676741.0,0.00579219,0.1101,0.0101,0.02,0.01999859,0.032172,0.0193,0.00579219,0.5816,0.01,"20180628 09:20:58.697447","20180628 09:20:07.000000",1
326,676759.0,0.03380782,676476.0,676420.0,676407.0,676401.0,676400.0,676712.0,676718.0,676723.0,676740.0,676741.0,0.00579219,0.0101,0.1101,0.01999859,0.031941,0.032172,0.0193,0.00579219,0.5816,0.01,"20180628 09:20:59.040830","20180628 09:18:16.000000",1
296,676759.0,0.03380782,676481.0,676476.0,676426.0,676420.0,676402.0,676712.0,676718.0,676723.0,676740.0,676741.0,0.005,0.00579219,0.02,0.0101,0.1101,0.032172,0.0193,0.00579219,0.5816,0.01,"20180628 09:20:59.454690","20180628 09:18:16.000000",1
34,676656.0,0.01566331,676481.0,676476.0,676420.0,676402.0,676400.0,676712.0,676718.0,676723.0,676740.0,676741.0,0.005,0.00579219,0.0101,0.1101,0.031941,0.032172,0.0193,0.00579219,0.5816,0.01,"20180628 09:20:59.778921","20180628 09:20:07.000000",1
25,0.0,0.0,676481.0,676476.0,676427.0,676420.0,676407.0,676712.0,676718.0,676723.0,676740.0,676741.0,0.005,0.00579219,0.1101,0.0101,0.02,0.032172,0.0193,0.00579219,0.5816,0.01,"20180628 09:21:00.124963","20000101 00:00:00.000000",1
61,676656.0,0.01566331,676481.0,676476.0,676427.0,676420.0,676407.0,676712.0,676718.0,676723.0,676740.0,676741.0,0.005,0.00579219,0.1101,0.0101,0.02,0.032172,0.0193,0.00579219,0.5816,0.01,"20180628 09:21:00.211715","20180628 09:20:07.000000",1
327,676759.0,0.03380782,676481.0,676476.0,676421.0,676420.0,676407.0,676712.0,676718.0,676722.0,676723.0,676741.0,0.005,0.00579219,0.1008,0.0101,0.02,0.032172,0.0193,0.5664,0.00579219,0.01,"20180628 09:21:00.556188","20180628 09:18:16.000000",1
297,676759.0,0.03380782,676481.0,676476.0,676426.0,676421.0,676420.0,676712.0,676713.0,676717.0,676718.0,676723.0,0.005,0.00579219,0.02,0.1008,0.0101,0.032172,0.02,0.5664,0.0193,0.00579219,"20180628 09:21:00.902976","20180628 09:18:16.000000",1
35,676656.0,0.01566331,676481.0,676476.0,676426.0,676421.0,676420.0,676712.0,676713.0,676717.0,676718.0,676741.0,0.005,0.00579219,0.02,0.1008,0.0101,0.032172,0.02,0.5664,0.0193,0.01,"20180628 09:21:01.253640","20180628 09:20:07.000000",1
26,0.0,0.0,676481.0,676476.0,676440.0,676427.0,676426.0,676712.0,676717.0,676718.0,676741.0,676749.0,0.005,0.00579219,0.02,0.0958,0.02,0.03796419,0.5664,0.0193,0.01,0.005,"20180628 09:21:01.603096","20000101 00:00:00.000000",1
62,676656.0,0.01566331,676481.0,676476.0,676440.0,676427.0,676426.0,676712.0,676717.0,676718.0,676741.0,676749.0,0.005,0.00579219,0.02,0.0958,0.02,0.03796419,0.5664,0.0193,0.01,0.005,"20180628 09:21:01.716343","20180628 09:20:07.000000",1
328,676759.0,0.03380782,676481.0,676476.0,676440.0,676426.0,676421.0,676712.0,676718.0,676740.0,676741.0,676749.0,0.005,0.00579219,0.02,0.02,0.0958,0.03796419,0.0193,0.5714,0.01,0.005,"20180628 09:21:02.019995","20180628 09:18:16.000000",1
298,676759.0,0.03380782,676481.0,676476.0,676440.0,676426.0,676421.0,676712.0,676718.0,676740.0,676741.0,676749.0,0.005,0.00579219,0.02,0.01,0.0958,0.03796419,0.0193,0.5714,0.01,0.005,"20180628 09:21:02.367284","20180628 09:18:16.000000",1
36,676656.0,0.01566331,676481.0,676476.0,676441.0,676426.0,676420.0,676712.0,676717.0,676718.0,676741.0,676742.0,0.005,0.00579219,0.0958,0.02,0.0101,0.03796419,0.5714,0.0193,0.01,0.02,"20180628 09:21:02.711790","20180628 09:20:07.000000",1
27,0.0,0.0,676481.0,676476.0,676427.0,676426.0,676420.0,676712.0,676717.0,676718.0,676741.0,676742.0,0.005,0.00579219,0.0958,0.02,0.0101,0.03796419,0.5714,0.0193,0.01,0.02,"20180628 09:21:03.067746","20000101 00:00:00.000000",1
63,676656.0,0.01566331,676481.0,676476.0,676427.0,676420.0,676400.0,676712.0,676717.0,676718.0,676741.0,676742.0,0.005,0.00579219,0.0958,0.0101,0.031941,0.03796419,0.5714,0.0193,0.01,0.02,"20180628 09:21:03.212363","20180628 09:20:07.000000",1
329,676759.0,0.03380782,676481.0,676476.0,676432.0,676427.0,676420.0,676712.0,676717.0,676718.0,676741.0,676749.0,0.005,0.00579219,0.02,0.0958,0.0101,0.03796419,0.5714,0.0193,0.01,0.005,"20180628 09:21:03.447475","20180628 09:18:16.000000",1
299,676759.0,0.03380782,676481.0,676476.0,676432.0,676421.0,676420.0,676712.0,676717.0,676718.0,676741.0,676749.0,0.005,0.00579219,0.02,0.0958,0.0101,0.03796419,0.5714,0.0193,0.01,0.005,"20180628 09:21:03.810986","20180628 09:18:16.000000",1
37,676656.0,0.01566331,676481.0,676476.0,676433.0,676432.0,676420.0,676712.0,676717.0,676718.0,676741.0,676749.0,0.005,0.00579219,0.0958,0.01,0.0101,0.03796419,0.5714,0.0193,0.01,0.005,"20180628 09:21:04.237375","20180628 09:20:07.000000",1
28,0.0,0.0,676481.0,676476.0,676433.0,676426.0,676420.0,676712.0,676717.0,676718.0,676741.0,676749.0,0.005,0.00579219,0.0958,0.01,0.0101,0.03796419,0.5714,0.0193,0.01,0.005,"20180628 09:21:04.516646","20000101 00:00:00.000000",1
64,676656.0,0.01566331,676481.0,676476.0,676432.0,676427.0,676426.0,676712.0,676717.0,676718.0,676741.0,676749.0,0.005,0.00579219,0.01999752,0.0958,0.02,0.03796419,0.5714,0.0193,0.01,0.005,"20180628 09:21:04.655950","20180628 09:20:07.000000",1
330,676759.0,0.03380782,676481.0,676476.0,676432.0,676427.0,676426.0,676712.0,676717.0,676718.0,676741.0,676749.0,0.005,0.00579219,0.01999752,0.0958,0.01,0.03796419,0.5714,0.0193,0.01,0.005,"20180628 09:21:04.901410","20180628 09:18:16.000000",1
300,676759.0,0.03380782,676481.0,676476.0,676433.0,676432.0,676420.0,676712.0,676717.0,676718.0,676741.0,676749.0,0.005,0.00579219,0.0958,0.02999752,0.0101,0.03796419,0.5714,0.0193,0.01,0.005,"20180628 09:21:05.305337","20180628 09:18:16.000000",1
38,676656.0,0.01566331,676481.0,676476.0,676433.0,676432.0,676420.0,676712.0,676717.0,676718.0,676741.0,676749.0,0.005,0.00579219,0.0958,0.02,0.0101,0.03796419,0.5714,0.0193,0.01,0.005,"20180628 09:21:05.687861","20180628 09:20:07.000000",1
29,0.0,0.0,676481.0,676476.0,676433.0,676420.0,676413.0,676712.0,676717.0,676718.0,676741.0,676749.0,0.005,0.00579219,0.0958,0.0101,0.02,0.03796419,0.5714,0.0193,0.01,0.005,"20180628 09:21:05.986143","20000101 00:00:00.000000",1
65,676656.0,0.01566331,676481.0,676476.0,676438.0,676433.0,676420.0,676712.0,676717.0,676718.0,676741.0,676749.0,0.005,0.00579219,0.02,0.0958,0.0101,0.03796419,0.5714,0.0193,0.01,0.005,"20180628 09:21:06.121769","20180628 09:20:07.000000",1
331,676759.0,0.03380782,676481.0,676476.0,676438.0,676421.0,676420.0,676712.0,676717.0,676718.0,676741.0,676749.0,0.005,0.00579219,0.02,0.0958,0.0101,0.03796419,0.5714,0.0193,0.01,0.005,"20180628 09:21:06.374703","20180628 09:18:16.000000",1
301,676759.0,0.03380782,676481.0,676476.0,676439.0,676420.0,676400.0,676712.0,676717.0,676718.0,676729.0,676741.0,0.005,0.00579219,0.0841,0.0101,0.031941,0.03796419,0.5714,0.0193,0.02,0.01,"20180628 09:21:06.761716","20180628 09:18:16.000000",1
39,676656.0,0.01566331,676481.0,676476.0,676426.0,676421.0,676420.0,676712.0,676717.0,676729.0,676741.0,676749.0,0.005,0.00579219,0.02,0.0841,0.0101,0.03796419,0.5714,0.02,0.01,0.005,"20180628 09:21:07.172986","20180628 09:20:07.000000",1
30,0.0,0.0,676481.0,676476.0,676426.0,676421.0,676420.0,676712.0,676717.0,676729.0,676741.0,676749.0,0.005,0.00579219,0.02,0.0841,0.0101,0.03796419,0.5714,0.02,0.01,0.005,"20180628 09:21:07.452037","20000101 00:00:00.000000",1
66,676656.0,0.01566331,676481.0,676476.0,676426.0,676421.0,676420.0,676712.0,676717.0,676729.0,676741.0,676749.0,0.005,0.00579219,0.02,0.0841,0.0101,0.03796419,0.5714,0.02,0.01,0.005,"20180628 09:21:07.596581","20180628 09:20:07.000000",1
332,676759.0,0.03380782,676481.0,676476.0,676440.0,676426.0,676420.0,676712.0,676728.0,676741.0,676749.0,676767.0,0.005,0.00579219,0.0841,0.01,0.0101,0.03796419,0.5597,0.01,0.005,0.02,"20180628 09:21:07.842862","20180628 09:18:16.000000",1
302,676759.0,0.03380782,676481.0,676476.0,676438.0,676427.0,676426.0,676712.0,676728.0,676741.0,676749.0,676973.0,0.005,0.00579219,0.02,0.0841,0.02,0.03796419,0.5597,0.01,0.005,0.024,"20180628 09:21:08.211580","20180628 09:18:16.000000",1
40,676656.0,0.01566331,676481.0,676476.0,676443.0,676439.0,676432.0,676712.0,676729.0,676741.0,676749.0,676972.0,0.005,0.00579219,0.030128,0.0824,0.01,0.03796419,0.02,0.01,0.005,0.558,"20180628 09:21:08.645224","20180628 09:20:07.000000",1
31,0.0,0.0,676481.0,676476.0,676443.0,676439.0,676432.0,676712.0,676729.0,676741.0,676749.0,676756.0,0.005,0.00579219,0.040128,0.0824,0.01,0.03796419,0.02,0.01,0.005,0.02,"20180628 09:21:08.910712","20000101 00:00:00.000000",1
67,676656.0,0.01566331,676481.0,676476.0,676444.0,676443.0,676420.0,676712.0,676728.0,676729.0,676741.0,676749.0,0.005,0.00579219,0.0824,0.040128,0.0101,0.03796419,0.558,0.02,0.01,0.005,"20180628 09:21:09.053877","20180628 09:20:07.000000",1
333,676759.0,0.03380782,676481.0,676476.0,676448.0,676444.0,676443.0,676712.0,676728.0,676741.0,676749.0,676756.0,0.005,0.00579219,0.01,0.0824,0.030128,0.03796419,0.558,0.01,0.005,0.02,"20180628 09:21:09.295216","20180628 09:18:16.000000",1
303,676759.0,0.03380782,676476.0,676449.0,676448.0,676443.0,676440.0,676712.0,676728.0,676741.0,676749.0,676816.0,0.00579219,0.01,0.01,0.030128,0.0824,0.03796419,0.558,0.01,0.005,0.08,"20180628 09:21:09.669172","20180628 09:18:16.000000",1
41,676656.0,0.01566331,676476.0,676449.0,676443.0,676420.0,676408.0,676712.0,676741.0,676749.0,676755.0,676973.0,0.00579219,0.0824,0.030128,0.0101,0.02,0.03796419,0.01,0.005,0.558,0.024,"20180628 09:21:10.097884","20180628 09:20:07.000000",1
32,0.0,0.0,676476.0,676449.0,676445.0,676443.0,676420.0,676712.0,676727.0,676741.0,676749.0,676973.0,0.00579219,0.0824,0.02,0.030128,0.0101,0.03796419,0.558,0.01,0.005,0.024,"20180628 09:21:10.374528","20000101 00:00:00.000000",1
68,676656.0,0.01566331,676476.0,676449.0,676445.0,676443.0,676420.0,676712.0,676727.0,676741.0,676749.0,676973.0,0.00579219,0.0824,0.02,0.030128,0.0101,0.03796419,0.558,0.01,0.005,0.024,"20180628 09:21:10.526014","20180628 09:20:07.000000",1
334,676759.0,0.03380782,676476.0,676449.0,676445.0,676443.0,676432.0,676712.0,676727.0,676741.0,676749.0,676803.0,0.00579219,0.0824,0.02,0.030128,0.01999762,0.03796419,0.558,0.01,0.005,0.02,"20180628 09:21:10.752886","20180628 09:18:16.000000",1
42,676656.0,0.01566331,676476.0,676451.0,676444.0,676443.0,676424.0,676712.0,676741.0,676749.0,676802.0,676973.0,0.00579219,0.02,0.0824,0.030128,0.02,0.03796419,0.01,0.005,0.558,0.024,"20180628 09:21:12.313003","20180628 09:20:07.000000",1
304,676759.0,0.03380782,676476.0,676451.0,676444.0,676443.0,676424.0,676712.0,676741.0,676749.0,676802.0,676973.0,0.00579219,0.02,0.0824,0.030128,0.02,0.03796419,0.01,0.005,0.558,0.024,"20180628 09:21:12.318615","20180628 09:18:16.000000",1
33,0.0,0.0,676476.0,676451.0,676444.0,676443.0,676420.0,676712.0,676741.0,676749.0,676972.0,676973.0,0.00579219,0.02,0.0824,0.030128,0.0101,0.03796419,0.01,0.005,0.558,0.024,"20180628 09:21:12.597072","20000101 00:00:00.000000",1
69,676656.0,0.01566331,676476.0,676451.0,676444.0,676443.0,676420.0,676712.0,676741.0,676749.0,676972.0,676973.0,0.00579219,0.02,0.0824,0.030128,0.0101,0.03796419,0.01,0.005,0.558,0.024,"20180628 09:21:12.748795","20180628 09:20:07.000000",1
335,676759.0,0.03380782,676476.0,676451.0,676444.0,676443.0,676420.0,676712.0,676741.0,676749.0,676972.0,676973.0,0.00579219,0.02,0.0824,0.030128,0.0101,0.03796419,0.01,0.005,0.558,0.024,"20180628 09:21:12.941957","20180628 09:18:16.000000",1
43,676656.0,0.01566331,676487.0,676481.0,676476.0,676465.0,676457.0,676712.0,676741.0,676749.0,676862.0,676973.0,0.02,0.005,0.00579219,0.02,0.01,0.03796419,0.01,0.005,0.558,0.024,"20180628 09:21:14.489502","20180628 09:20:07.000000",1
34,0.0,0.0,676487.0,676481.0,676476.0,676465.0,676457.0,676712.0,676741.0,676749.0,676862.0,676973.0,0.02,0.005,0.00579219,0.02,0.01,0.03796419,0.01,0.005,0.558,0.024,"20180628 09:21:14.808285","20000101 00:00:00.000000",1
305,676759.0,0.03380782,676487.0,676481.0,676476.0,676465.0,676457.0,676712.0,676741.0,676749.0,676862.0,676973.0,0.02,0.005,0.00579219,0.02,0.01,0.03796419,0.01,0.005,0.558,0.024,"20180628 09:21:14.977073","20180628 09:18:16.000000",1
70,676656.0,0.01566331,676492.0,676481.0,676476.0,676458.0,676443.0,676712.0,676741.0,676745.0,676749.0,676770.0,0.005,0.005,0.00579219,0.0774,0.030128,0.03796419,0.01,0.02,0.005,0.02,"20180628 09:21:15.441272","20180628 09:20:07.000000",1
336,676759.0,0.03380782,676492.0,676481.0,676476.0,676458.0,676443.0,676712.0,676741.0,676745.0,676749.0,676770.0,0.005,0.005,0.00579219,0.0774,0.030128,0.03796419,0.01,0.02,0.005,0.02,"20180628 09:21:15.595839","20180628 09:18:16.000000",1
44,676656.0,0.01566331,676492.0,676481.0,676476.0,676454.0,676444.0,676712.0,676741.0,676749.0,676864.0,676973.0,0.005,0.01,0.00579219,0.01,0.0774,0.03796419,0.01,0.005,0.563,0.024,"20180628 09:21:16.714429","20180628 09:20:07.000000",1
35,0.0,0.0,676492.0,676481.0,676476.0,676454.0,676444.0,676712.0,676741.0,676749.0,676864.0,676973.0,0.005,0.01,0.00579219,0.01,0.0774,0.03796419,0.01,0.005,0.563,0.024,"20180628 09:21:17.022003","20000101 00:00:00.000000",1
306,676759.0,0.03380782,676492.0,676481.0,676476.0,676454.0,676448.0,676712.0,676741.0,676743.0,676749.0,676973.0,0.005,0.01,0.00579219,0.01,0.01,0.03796419,0.01,0.5505,0.005,0.024,"20180628 09:21:17.159666","20180628 09:18:16.000000",1
71,676656.0,0.01566331,676492.0,676486.0,676481.0,676476.0,676449.0,676712.0,676741.0,676742.0,676749.0,676816.0,0.005,0.005,0.005,0.00579219,0.02,0.03796419,0.01,0.5555,0.005,0.02,"20180628 09:21:17.610998","20180628 09:20:07.000000",1
337,676759.0,0.03380782,676492.0,676486.0,676481.0,676476.0,676449.0,676712.0,676741.0,676742.0,676749.0,676816.0,0.005,0.005,0.005,0.00579219,0.02,0.03796419,0.01,0.5555,0.005,0.02,"20180628 09:21:17.781183","20180628 09:18:16.000000",1
45,676656.0,0.01566331,676492.0,676488.0,676486.0,676481.0,676476.0,676712.0,676741.0,676749.0,676760.0,676913.0,0.005,0.005,0.005,0.005,0.00579219,0.03796419,0.01,0.005,0.02,0.5563,"20180628 09:21:18.885240","20180628 09:20:07.000000",1
36,0.0,0.0,676492.0,676488.0,676486.0,676481.0,676476.0,676712.0,676741.0,676749.0,676760.0,676785.0,0.005,0.005,0.005,0.005,0.00579219,0.03796419,0.01,0.005,0.02,0.02,"20180628 09:21:19.206562","20000101 00:00:00.000000",1
307,676759.0,0.03380782,676492.0,676488.0,676486.0,676481.0,676476.0,676712.0,676741.0,676749.0,676760.0,676785.0,0.005,0.005,0.005,0.005,0.00579219,0.03796419,0.01,0.005,0.02,0.02,"20180628 09:21:19.339101","20180628 09:18:16.000000",1
72,676656.0,0.01566331,676506.0,676492.0,676488.0,676486.0,676481.0,676712.0,676741.0,676749.0,676759.0,676811.0,0.02,0.005,0.005,0.005,0.025,0.03796419,0.01,0.005,0.5563,0.04,"20180628 09:21:19.807388","20180628 09:20:07.000000",1
338,676759.0,0.03380782,676506.0,676492.0,676488.0,676486.0,676481.0,676712.0,676741.0,676749.0,676759.0,676811.0,0.02,0.005,0.005,0.005,0.025,0.03796419,0.01,0.005,0.5563,0.04,"20180628 09:21:19.962806","20180628 09:18:16.000000",1
46,676656.0,0.01566331,676511.0,676492.0,676489.0,676488.0,676486.0,676712.0,676741.0,676749.0,676769.0,676799.0,0.005,0.005,0.0557,0.005,0.025,0.03796419,0.01,0.005,0.02,0.02,"20180628 09:21:21.114791","20180628 09:20:07.000000",1
37,0.0,0.0,676511.0,676492.0,676489.0,676488.0,676486.0,676712.0,676741.0,676749.0,676769.0,676799.0,0.005,0.005,0.0557,0.005,0.005,0.03796419,0.01,0.005,0.02,0.02,"20180628 09:21:21.424350","20000101 00:00:00.000000",1
308,676759.0,0.03380782,676511.0,676494.0,676492.0,676489.0,676488.0,676707.0,676712.0,676741.0,676749.0,676768.0,0.005,0.02,0.005,0.0557,0.005,0.0193,0.03796419,0.01,0.005,0.5613,"20180628 09:21:22.023018","20180628 09:18:16.000000",1
73,676656.0,0.01566331,676511.0,676494.0,676492.0,676489.0,676488.0,676707.0,676712.0,676741.0,676749.0,676768.0,0.005,0.02,0.005,0.0557,0.005,0.0193,0.03796419,0.01,0.005,0.5613,"20180628 09:21:22.031313","20180628 09:20:07.000000",1
339,676759.0,0.03380782,676511.0,676494.0,676492.0,676489.0,676488.0,676707.0,676712.0,676741.0,676749.0,676848.0,0.005,0.02,0.005,0.0557,0.005,0.0193,0.03796419,0.01,0.005,0.5563,"20180628 09:21:22.164536","20180628 09:18:16.000000",1
47,676656.0,0.01566331,676511.0,676495.0,676494.0,676492.0,676488.0,676707.0,676711.0,676712.0,676741.0,676749.0,0.005,0.0724,0.01,0.005,0.005,0.0193,0.568,0.03796419,0.01,0.005,"20180628 09:21:23.330862","20180628 09:20:07.000000",1
38,0.0,0.0,676511.0,676492.0,676488.0,676487.0,676486.0,676707.0,676711.0,676712.0,676741.0,676749.0,0.005,0.005,0.005,0.02,0.005,0.0193,0.568,0.032172,0.01,0.005,"20180628 09:21:23.638343","20000101 00:00:00.000000",1
74,676656.0,0.01566331,676511.0,676492.0,676488.0,676486.0,676481.0,676707.0,676712.0,676740.0,676741.0,676749.0,0.005,0.005,0.005,0.005,0.005,0.0193,0.032172,0.568,0.01,0.005,"20180628 09:21:24.234239","20180628 09:20:07.000000",1
309,676759.0,0.03380782,676511.0,676492.0,676488.0,676486.0,676481.0,676707.0,676712.0,676740.0,676741.0,676749.0,0.005,0.005,0.005,0.005,0.005,0.0193,0.032172,0.568,0.01,0.005,"20180628 09:21:24.243555","20180628 09:18:16.000000",1
340,676759.0,0.03380782,676511.0,676492.0,676488.0,676486.0,676481.0,676707.0,676712.0,676740.0,676741.0,676749.0,0.005,0.005,0.005,0.005,0.005,0.02509219,0.032172,0.568,0.01,0.005,"20180628 09:21:24.349647","20180628 09:18:16.000000",1
48,676656.0,0.01566331,676511.0,676488.0,676486.0,676481.0,676469.0,676707.0,676712.0,676740.0,676741.0,676749.0,0.037662,0.005,0.005,0.005,0.0997,0.02509219,0.032172,0.568,0.01,0.005,"20180628 09:21:25.510769","20180628 09:20:07.000000",1
39,0.0,0.0,676511.0,676488.0,676486.0,676470.0,676442.0,676707.0,676712.0,676740.0,676741.0,676749.0,0.037662,0.005,0.015,0.0797,0.02,0.02509219,0.032172,0.568,0.01,0.005,"20180628 09:21:25.884740","20000101 00:00:00.000000",1
75,676656.0,0.01566331,676511.0,676488.0,676486.0,676443.0,676442.0,676707.0,676712.0,676740.0,676741.0,676749.0,0.037662,0.005,0.025,0.0797,0.02,0.02509219,0.032172,0.568,0.01,0.005,"20180628 09:21:26.420031","20180628 09:20:07.000000",1
310,676759.0,0.03380782,676511.0,676488.0,676486.0,676443.0,676442.0,676707.0,676712.0,676740.0,676741.0,676749.0,0.037662,0.005,0.025,0.0797,0.02,0.02509219,0.032172,0.568,0.01,0.005,"20180628 09:21:26.421517","20180628 09:18:16.000000",1
341,676759.0,0.03380782,676511.0,676488.0,676487.0,676486.0,676420.0,676707.0,676712.0,676740.0,676741.0,676749.0,0.037662,0.005,0.0797,0.005,0.0101,0.02509219,0.032172,0.568,0.01,0.005,"20180628 09:21:26.573980","20180628 09:18:16.000000",1
49,676656.0,0.01566331,676511.0,676488.0,676449.0,676426.0,676420.0,676707.0,676712.0,676736.0,676741.0,676749.0,0.037662,0.005,0.0797,0.01,0.0101,0.02509219,0.032172,0.5753,0.01,0.005,"20180628 09:21:27.701057","20180628 09:20:07.000000",1
40,0.0,0.0,676511.0,676427.0,676426.0,676420.0,676400.0,676707.0,676712.0,676740.0,676741.0,676749.0,0.037662,0.0797,0.02,0.0101,0.02,0.02509219,0.032172,0.5753,0.01,0.005,"20180628 09:21:28.085608","20000101 00:00:00.000000",1
76,676656.0,0.01566331,676511.0,676432.0,676427.0,676420.0,676385.0,676707.0,676712.0,676740.0,676741.0,676749.0,0.037662,0.02,0.0797,0.0101,0.045,0.02509219,0.032172,0.5753,0.01,0.005,"20180628 09:21:28.635521","20180628 09:20:07.000000",1
311,676759.0,0.03380782,676511.0,676432.0,676427.0,676420.0,676385.0,676707.0,676712.0,676740.0,676741.0,676749.0,0.037662,0.02,0.0797,0.0101,0.045,0.02509219,0.032172,0.5753,0.01,0.005,"20180628 09:21:28.637972","20180628 09:18:16.000000",1
342,676759.0,0.03380782,676511.0,676432.0,676427.0,676420.0,676385.0,676707.0,676712.0,676740.0,676741.0,676749.0,0.037662,0.02,0.0797,0.0101,0.045,0.02509219,0.032172,0.5753,0.01,0.005,"20180628 09:21:28.752765","20180628 09:18:16.000000",1
50,676656.0,0.01566331,676511.0,676438.0,676421.0,676420.0,676407.0,676707.0,676712.0,676733.0,676741.0,676749.0,0.037662,0.01,0.0903,0.0101,0.02,0.02509219,0.032172,0.586,0.01,0.005,"20180628 09:21:29.924712","20180628 09:20:07.000000",1
41,0.0,0.0,676511.0,676439.0,676438.0,676420.0,676407.0,676707.0,676712.0,676740.0,676741.0,676749.0,0.037662,0.0853,0.01,0.0101,0.02,0.02509219,0.032172,0.591,0.01,0.005,"20180628 09:21:30.298585","20000101 00:00:00.000000",1
312,676759.0,0.03380782,676511.0,676439.0,676438.0,676426.0,676420.0,676707.0,676712.0,676740.0,676741.0,676749.0,0.037662,0.0853,0.01,0.01,0.0101,0.02509219,0.032172,0.591,0.01,0.005,"20180628 09:21:30.858124","20180628 09:18:16.000000",1
77,676656.0,0.01566331,676511.0,676439.0,676438.0,676426.0,676420.0,676707.0,676712.0,676740.0,676741.0,676749.0,0.037662,0.0853,0.01,0.01,0.0101,0.02509219,0.032172,0.591,0.01,0.005,"20180628 09:21:30.862168","20180628 09:20:07.000000",1
343,676759.0,0.03380782,676511.0,676439.0,676420.0,676396.0,676385.0,676707.0,676712.0,676738.0,676740.0,676741.0,0.032662,0.0853,0.0101,0.01999932,0.045,0.02509219,0.032172,0.02,0.591,0.01,"20180628 09:21:30.947632","20180628 09:18:16.000000",1
51,676656.0,0.01566331,676516.0,676511.0,676453.0,676428.0,676426.0,676707.0,676712.0,676737.0,676740.0,676741.0,0.005,0.032662,0.02,0.02,0.02,0.00579219,0.032172,0.586,0.586,0.01,"20180628 09:21:32.110977","20180628 09:20:07.000000",1
42,0.0,0.0,676516.0,676511.0,676454.0,676453.0,676428.0,676707.0,676712.0,676740.0,676741.0,676749.0,0.005,0.032662,0.0903,0.02,0.02,0.00579219,0.032172,0.586,0.01,0.005,"20180628 09:21:32.526102","20000101 00:00:00.000000",1
78,676656.0,0.01566331,676516.0,676511.0,676459.0,676427.0,676420.0,676707.0,676712.0,676741.0,676745.0,676749.0,0.005,0.032662,0.02,0.0834,0.0101,0.00579219,0.032172,0.01,0.02,0.005,"20180628 09:21:33.040871","20180628 09:20:07.000000",1
344,676759.0,0.03380782,676516.0,676511.0,676459.0,676427.0,676420.0,676707.0,676712.0,676741.0,676745.0,676749.0,0.005,0.032662,0.02,0.0834,0.0101,0.00579219,0.032172,0.01,0.02,0.005,"20180628 09:21:33.178424","20180628 09:18:16.000000",1
313,676759.0,0.03380782,676516.0,676511.0,676459.0,676427.0,676420.0,676707.0,676712.0,676741.0,676745.0,676749.0,0.005,0.032662,0.01,0.0834,0.0101,0.00579219,0.032172,0.01,0.02,0.005,"20180628 09:21:33.525614","20180628 09:18:16.000000",1
52,676656.0,0.01566331,676516.0,676511.0,676433.0,676432.0,676421.0,676707.0,676712.0,676741.0,676749.0,676769.0,0.005,0.032662,0.0834,0.02,0.02,0.00579219,0.032172,0.01,0.005,0.589,"20180628 09:21:34.285144","20180628 09:20:07.000000",1
43,0.0,0.0,676516.0,676511.0,676465.0,676438.0,676436.0,676707.0,676712.0,676741.0,676749.0,676783.0,0.005,0.032662,0.01,0.01,0.01999817,0.00579219,0.032172,0.01,0.005,0.02,"20180628 09:21:34.697463","20000101 00:00:00.000000",1
79,676656.0,0.01566331,676516.0,676511.0,676466.0,676441.0,676436.0,676707.0,676712.0,676741.0,676749.0,676783.0,0.005,0.032662,0.0853,0.01,0.01999817,0.00579219,0.032172,0.01,0.005,0.02,"20180628 09:21:35.294658","20180628 09:20:07.000000",1
345,676759.0,0.03380782,676516.0,676511.0,676466.0,676441.0,676436.0,676707.0,676712.0,676741.0,676749.0,676783.0,0.005,0.032662,0.0853,0.01,0.01999817,0.00579219,0.032172,0.01,0.005,0.02,"20180628 09:21:35.398065","20180628 09:18:16.000000",1
314,676759.0,0.03380782,676516.0,676511.0,676466.0,676441.0,676420.0,676707.0,676712.0,676741.0,676749.0,676808.0,0.005,0.032662,0.0853,0.02,0.0101,0.00579219,0.032172,0.01,0.005,0.02,"20180628 09:21:35.716267","20180628 09:18:16.000000",1
53,676656.0,0.01566331,676516.0,676511.0,676478.0,676442.0,676430.0,676707.0,676712.0,676741.0,676749.0,676807.0,0.005,0.032662,0.02,0.0853,0.04,0.00579219,0.032172,0.01,0.005,0.591,"20180628 09:21:36.480136","20180628 09:20:07.000000",1
44,0.0,0.0,676516.0,676511.0,676478.0,676474.0,676420.0,676707.0,676712.0,676741.0,676749.0,676754.0,0.005,0.032662,0.01,0.0853,0.0101,0.00579219,0.032172,0.01,0.005,0.02,"20180628 09:21:36.891634","20000101 00:00:00.000000",1
80,676656.0,0.01566331,676516.0,676511.0,676479.0,676447.0,676420.0,676707.0,676712.0,676741.0,676749.0,676754.0,0.005,0.032662,0.0953,0.01,0.0101,0.00579219,0.032172,0.01,0.005,0.02,"20180628 09:21:37.485592","20180628 09:20:07.000000",1
346,676759.0,0.03380782,676516.0,676511.0,676467.0,676448.0,676445.0,676707.0,676712.0,676741.0,676749.0,676772.0,0.005,0.032662,0.02,0.0853,0.02,0.00579219,0.032172,0.01,0.005,0.591,"20180628 09:21:38.079606","20180628 09:18:16.000000",1
315,676759.0,0.03380782,676516.0,676511.0,676467.0,676448.0,676445.0,676707.0,676712.0,676741.0,676749.0,676772.0,0.005,0.032662,0.02,0.0853,0.02,0.00579219,0.032172,0.01,0.005,0.591,"20180628 09:21:38.375684","20180628 09:18:16.000000",1
54,676656.0,0.01566331,676516.0,676511.0,676468.0,676426.0,676420.0,676707.0,676712.0,676741.0,676749.0,676972.0,0.005,0.032662,0.0766,0.04,0.0101,0.00579219,0.032172,0.01,0.005,0.5822,"20180628 09:21:38.656996","20180628 09:20:07.000000",1
45,0.0,0.0,676511.0,676472.0,676443.0,676427.0,676420.0,676707.0,676712.0,676741.0,676749.0,676776.0,0.032662,0.02,0.01999808,0.0766,0.0101,0.00579219,0.032172,0.01,0.005,0.02,"20180628 09:21:39.122198","20000101 00:00:00.000000",1
81,676656.0,0.01566331,676511.0,676427.0,676420.0,676385.0,676251.0,676707.0,676712.0,676741.0,676749.0,676800.0,0.032662,0.0766,0.0101,0.045,0.005,0.00579219,0.032172,0.01,0.005,0.02,"20180628 09:21:39.712005","20180628 09:20:07.000000",1
347,676759.0,0.03380782,676511.0,676448.0,676426.0,676421.0,676420.0,676707.0,676712.0,676741.0,676749.0,676799.0,0.032662,0.01,0.02,0.0766,0.0101,0.00579219,0.032172,0.01,0.005,0.5822,"20180628 09:21:40.284496","20180628 09:18:16.000000",1
316,676759.0,0.03380782,676511.0,676431.0,676420.0,676400.0,676385.0,676707.0,676712.0,676741.0,676749.0,676889.0,0.032662,0.01,0.0101,0.02,0.045,0.00579219,0.032172,0.01,0.005,0.5822,"20180628 09:21:40.542324","20180628 09:18:16.000000",1
55,676656.0,0.01566331,676511.0,676449.0,676438.0,676431.0,676420.0,676707.0,676712.0,676741.0,676749.0,676781.0,0.032662,0.0766,0.01999832,0.02,0.0101,0.00579219,0.032172,0.01,0.005,0.02,"20180628 09:21:40.849273","20180628 09:20:07.000000",1
46,0.0,0.0,676516.0,676511.0,676438.0,676432.0,676420.0,676707.0,676712.0,676741.0,676749.0,676781.0,0.005,0.032662,0.01999832,0.0766,0.0101,0.00579219,0.032172,0.01,0.005,0.02,"20180628 09:21:41.331184","20000101 00:00:00.000000",1
82,676656.0,0.01566331,676516.0,676511.0,676454.0,676448.0,676439.0,676707.0,676712.0,676741.0,676749.0,676780.0,0.005,0.032662,0.02,0.02,0.0766,0.00579219,0.032172,0.01,0.005,0.5822,"20180628 09:21:41.968275","20180628 09:20:07.000000",1
348,676759.0,0.03380782,676516.0,676511.0,676455.0,676453.0,676420.0,676707.0,676712.0,676741.0,676749.0,676973.0,0.005,0.032662,0.0766,0.02,0.0101,0.00579219,0.032172,0.01,0.005,0.024,"20180628 09:21:42.498670","20180628 09:18:16.000000",1
317,676759.0,0.03380782,676516.0,676511.0,676455.0,676453.0,676420.0,676707.0,676712.0,676741.0,676749.0,676973.0,0.005,0.032662,0.0766,0.02,0.0101,0.00579219,0.032172,0.01,0.005,0.024,"20180628 09:21:42.726068","20180628 09:18:16.000000",1
56,676656.0,0.01566331,676516.0,676511.0,676455.0,676453.0,676420.0,676707.0,676712.0,676741.0,676749.0,676899.0,0.005,0.032662,0.0766,0.01,0.0101,0.00579219,0.032172,0.01,0.025,0.5803,"20180628 09:21:43.026436","20180628 09:20:07.000000",1
47,0.0,0.0,676516.0,676511.0,676460.0,676421.0,676420.0,676707.0,676712.0,676741.0,676749.0,676767.0,0.005,0.032662,0.02,0.0747,0.0101,0.00579219,0.032172,0.01,0.025,0.02,"20180628 09:21:43.529609","20000101 00:00:00.000000",1
83,676656.0,0.01566331,676516.0,676511.0,676438.0,676426.0,676421.0,676741.0,676748.0,676749.0,676866.0,676973.0,0.005,0.032662,0.02,0.01,0.0747,0.00466919,0.5803,0.005,0.1392991,0.024,"20180628 09:21:44.179211","20180628 09:20:07.000000",1
57,676741.0,0.00533081,676516.0,676511.0,676455.0,676453.0,676420.0,676707.0,676712.0,676741.0,676749.0,676899.0,0.005,0.032662,0.0766,0.01,0.0101,0.00579219,0.032172,0.01,0.025,0.5803,"20180628 09:21:43.026436","20180628 09:21:43.000000",2
84,676741.0,0.00533081,676516.0,676511.0,676438.0,676426.0,676421.0,676741.0,676748.0,676749.0,676866.0,676973.0,0.005,0.032662,0.02,0.01,0.0747,0.00466919,0.5803,0.005,0.1392991,0.024,"20180628 09:21:44.179211","20180628 09:21:43.000000",2
48,676741.0,0.00533081,676516.0,676511.0,676460.0,676421.0,676420.0,676707.0,676712.0,676741.0,676749.0,676767.0,0.005,0.032662,0.02,0.0747,0.0101,0.00579219,0.032172,0.01,0.025,0.02,"20180628 09:21:43.529609","20180628 09:21:43.000000",2
349,676759.0,0.03380782,676517.0,676516.0,676438.0,676426.0,676421.0,676741.0,676749.0,676786.0,676811.0,676973.0,0.03697719,0.005,0.02,0.02,0.0747,0.00466919,0.005,0.030324,0.5803,0.024,"20180628 09:21:44.714825","20180628 09:18:16.000000",1
318,676759.0,0.03380782,676517.0,676516.0,676509.0,676439.0,676420.0,676741.0,676749.0,676786.0,676973.0,676999.0,0.03697719,0.005,0.01999622,0.0734,0.0101,0.00466919,0.005,0.030324,0.024,0.005,"20180628 09:21:44.907956","20180628 09:18:16.000000",1
58,676741.0,0.00533081,676517.0,676516.0,676509.0,676443.0,676439.0,676741.0,676749.0,676786.0,676858.0,676882.0,0.03697719,0.005,0.01999622,0.02,0.0734,0.00466919,0.005,0.030324,0.02,0.02,"20180628 09:21:45.246092","20180628 09:21:43.000000",1
49,676741.0,0.00533081,676517.0,676516.0,676514.0,676466.0,676447.0,676741.0,676749.0,676786.0,676857.0,676901.0,0.03697719,0.005,0.01,0.02,0.02,0.00466919,0.005,0.030324,0.599,0.04,"20180628 09:21:45.763772","20180628 09:21:43.000000",1
85,676741.0,0.00533081,676517.0,676516.0,676514.0,676467.0,676466.0,676741.0,676749.0,676786.0,676900.0,676973.0,0.03697719,0.005,0.02,0.0734,0.02,0.00466919,0.005,0.030324,0.599,0.024,"20180628 09:21:46.391774","20180628 09:21:43.000000",1
350,676759.0,0.03380782,676517.0,676516.0,676485.0,676472.0,676467.0,676741.0,676749.0,676786.0,676836.0,676972.0,0.03697719,0.005,0.019997,0.02,0.0734,0.00466919,0.005,0.030324,0.02,0.599,"20180628 09:21:46.938870","20180628 09:18:16.000000",1
319,676759.0,0.03380782,676517.0,676516.0,676485.0,676472.0,676467.0,676741.0,676749.0,676786.0,676836.0,676852.0,0.03697719,0.005,0.019997,0.02,0.0734,0.00466919,0.005,0.030324,0.02,0.02,"20180628 09:21:47.104958","20180628 09:18:16.000000",1
59,676741.0,0.00533081,676517.0,676516.0,676485.0,676448.0,676420.0,676741.0,676749.0,676786.0,676836.0,676852.0,0.03697719,0.005,0.019997,0.0734,0.0101,0.00466919,0.005,0.030324,0.02,0.02,"20180628 09:21:47.443126","20180628 09:21:43.000000",1
50,676741.0,0.00533081,676517.0,676516.0,676490.0,676486.0,676474.0,676741.0,676749.0,676786.0,676835.0,676942.0,0.03697719,0.005,0.02,0.0734,0.02,0.00466919,0.005,0.030324,0.599,0.08,"20180628 09:21:47.951033","20180628 09:21:43.000000",1
86,676741.0,0.00533081,676517.0,676516.0,676463.0,676451.0,676420.0,676741.0,676749.0,676786.0,676814.0,676836.0,0.03697719,0.005,0.01999768,0.0647,0.0101,0.00466919,0.005,0.030324,0.02,0.02,"20180628 09:21:49.046280","20180628 09:21:43.000000",1
351,676759.0,0.03380782,676517.0,676516.0,676463.0,676451.0,676420.0,676741.0,676749.0,676786.0,676814.0,676836.0,0.03697719,0.005,0.01999768,0.0647,0.0101,0.00466919,0.005,0.030324,0.02,0.02,"20180628 09:21:49.126208","20180628 09:18:16.000000",1
320,676759.0,0.03380782,676517.0,676516.0,676468.0,676463.0,676451.0,676741.0,676749.0,676786.0,676814.0,676836.0,0.03697719,0.005,0.02,0.01999768,0.0647,0.00466919,0.005,0.030324,0.02,0.02,"20180628 09:21:49.331023","20180628 09:18:16.000000",1
60,676741.0,0.00533081,676517.0,676516.0,676468.0,676463.0,676451.0,676741.0,676749.0,676786.0,676814.0,676836.0,0.03697719,0.005,0.02,0.01999768,0.0647,0.00466919,0.005,0.030324,0.02,0.02,"20180628 09:21:49.613789","20180628 09:21:43.000000",1
51,676741.0,0.00533081,676517.0,676516.0,676464.0,676444.0,676420.0,676741.0,676749.0,676786.0,676813.0,676895.0,0.03697719,0.005,0.0647,0.02,0.0101,0.00466919,0.005,0.030324,0.5903,0.08,"20180628 09:21:50.134479","20180628 09:21:43.000000",1
87,676741.0,0.00533081,676517.0,676475.0,676449.0,676424.0,676423.0,676741.0,676749.0,676777.0,676786.0,676799.0,0.03697719,0.01,0.01,0.0753,0.01999886,0.00466919,0.005,0.02,0.030324,0.02,"20180628 09:21:51.263270","20180628 09:21:43.000000",1
352,676759.0,0.03380782,676517.0,676475.0,676449.0,676424.0,676423.0,676741.0,676749.0,676777.0,676786.0,676799.0,0.03697719,0.01,0.01,0.0753,0.01999886,0.00466919,0.005,0.02,0.030324,0.02,"20180628 09:21:51.344556","20180628 09:18:16.000000",1
321,676759.0,0.03380782,676517.0,676475.0,676449.0,676424.0,676423.0,676741.0,676749.0,676777.0,676786.0,676799.0,0.03697719,0.01,0.01,0.0753,0.01999886,0.00466919,0.005,0.02,0.030324,0.02,"20180628 09:21:51.519104","20180628 09:18:16.000000",1
61,676741.0,0.00533081,676517.0,676450.0,676420.0,676385.0,676251.0,676741.0,676749.0,676786.0,676798.0,676871.0,0.03697719,0.0753,0.0101,0.045,0.005,0.00466919,0.005,0.030324,0.601,0.08,"20180628 09:21:51.796014","20180628 09:21:43.000000",1
52,676741.0,0.00533081,676522.0,676517.0,676429.0,676421.0,676420.0,676741.0,676749.0,676786.0,676870.0,676973.0,0.005,0.03697719,0.02,0.0753,0.0101,0.00466919,0.005,0.030324,0.601,0.024,"20180628 09:21:52.357700","20180628 09:21:43.000000",1
88,676741.0,0.00533081,676523.0,676522.0,676517.0,676435.0,676427.0,676741.0,676749.0,676785.0,676786.0,676806.0,0.03255,0.005,0.00579219,0.01,0.0543,0.00466919,0.005,0.5899,0.030324,0.02,"20180628 09:21:53.476437","20180628 09:21:43.000000",1
353,676759.0,0.03380782,676523.0,676522.0,676517.0,676435.0,676427.0,676741.0,676749.0,676785.0,676786.0,676806.0,0.03255,0.005,0.00579219,0.01,0.0543,0.00466919,0.005,0.5899,0.030324,0.02,"20180628 09:21:53.587737","20180628 09:18:16.000000",1
322,676759.0,0.03380782,676523.0,676522.0,676517.0,676449.0,676435.0,676741.0,676749.0,676785.0,676786.0,676883.0,0.03255,0.005,0.00579219,0.02,0.01,0.00466919,0.005,0.5899,0.030324,0.08,"20180628 09:21:53.721055","20180628 09:18:16.000000",1
62,676741.0,0.00533081,676523.0,676522.0,676517.0,676449.0,676436.0,676741.0,676749.0,676786.0,676805.0,676899.0,0.03255,0.005,0.00579219,0.02,0.0543,0.00466919,0.005,0.030324,0.5899,0.1392991,"20180628 09:21:53.979388","20180628 09:21:43.000000",1
53,676741.0,0.00533081,676523.0,676522.0,676517.0,676454.0,676450.0,676749.0,676780.0,676784.0,676786.0,676973.0,0.03255,0.005,0.00579219,0.01,0.0543,0.005,0.0193,0.5899,0.030324,0.024,"20180628 09:21:54.543694","20180628 09:21:43.000000",1
89,676741.0,0.00533081,676523.0,676522.0,676517.0,676464.0,676461.0,676749.0,676780.0,676786.0,676800.0,676847.0,0.03255,0.005,0.00579219,0.01,0.02,0.005,0.0193,0.030324,0.5832,0.04,"20180628 09:21:55.671343","20180628 09:21:43.000000",1
354,676759.0,0.03380782,676523.0,676522.0,676517.0,676464.0,676461.0,676749.0,676780.0,676786.0,676800.0,676847.0,0.03255,0.005,0.00579219,0.01,0.02,0.005,0.0193,0.030324,0.5832,0.04,"20180628 09:21:55.812018","20180628 09:18:16.000000",1
323,676759.0,0.03380782,676523.0,676522.0,676517.0,676464.0,676461.0,676749.0,676780.0,676786.0,676800.0,676847.0,0.03255,0.005,0.00579219,0.01,0.02,0.005,0.0193,0.030324,0.5832,0.04,"20180628 09:21:55.936174","20180628 09:18:16.000000",1
63,676741.0,0.00533081,676523.0,676522.0,676517.0,676469.0,676465.0,676749.0,676780.0,676846.0,676973.0,676999.0,0.03255,0.005,0.00579219,0.01,0.0376,0.005,0.0193,0.5832,0.024,0.005,"20180628 09:21:56.196802","20180628 09:21:43.000000",1
54,676741.0,0.00533081,676523.0,676522.0,676517.0,676476.0,676470.0,676749.0,676780.0,676835.0,676866.0,676896.0,0.03255,0.005,0.00579219,0.01999741,0.0376,0.005,0.0193,0.02,0.02,0.04,"20180628 09:21:57.267049","20180628 09:21:43.000000",1
90,676741.0,0.00533081,676523.0,676522.0,676517.0,676481.0,676477.0,676749.0,676780.0,676865.0,676921.0,676928.0,0.03255,0.005,0.00579219,0.02,0.0376,0.005,0.0193,0.5832,0.08,0.1392991,"20180628 09:21:57.864624","20180628 09:21:43.000000",1
324,676759.0,0.03380782,676523.0,676522.0,676517.0,676481.0,676477.0,676749.0,676780.0,676865.0,676928.0,676973.0,0.03255,0.005,0.00579219,0.04,0.0376,0.005,0.0193,0.5832,0.1392991,0.024,"20180628 09:21:58.120832","20180628 09:18:16.000000",1
64,676741.0,0.00533081,676523.0,676522.0,676517.0,676482.0,676481.0,676749.0,676780.0,676920.0,676973.0,676999.0,0.03255,0.005,0.00579219,0.0376,0.04,0.005,0.0193,0.5832,0.024,0.005,"20180628 09:21:58.417288","20180628 09:21:43.000000",1
355,676759.0,0.03380782,676523.0,676522.0,676517.0,676482.0,676481.0,676749.0,676780.0,676920.0,676973.0,676999.0,0.03255,0.005,0.00579219,0.0376,0.01,0.005,0.0193,0.5832,0.024,0.005,"20180628 09:21:58.519186","20180628 09:18:16.000000",1
55,676741.0,0.00533081,676523.0,676522.0,676517.0,676501.0,676487.0,676749.0,676780.0,676863.0,676906.0,676942.0,0.03255,0.005,0.00579219,0.01999672,0.01,0.005,0.0193,0.02,0.02,0.04,"20180628 09:21:59.501524","20180628 09:21:43.000000",1
91,676741.0,0.00533081,676523.0,676522.0,676517.0,676506.0,676504.0,676749.0,676780.0,676828.0,676905.0,676968.0,0.03255,0.005,0.00579219,0.02,0.02,0.005,0.0193,0.030142,0.5788,0.08,"20180628 09:22:00.083783","20180628 09:21:43.000000",1
325,676759.0,0.03380782,676523.0,676522.0,676517.0,676506.0,676504.0,676749.0,676780.0,676828.0,676967.0,676973.0,0.03255,0.005,0.00579219,0.02,0.02,0.005,0.0193,0.030142,0.5788,0.024,"20180628 09:22:00.363514","20180628 09:18:16.000000",1
65,676741.0,0.00533081,676523.0,676522.0,676517.0,676509.0,676460.0,676749.0,676780.0,676828.0,676972.0,676973.0,0.03255,0.005,0.00579219,0.02,0.0389,0.005,0.0193,0.030142,0.5845,0.024,"20180628 09:22:00.631296","20180628 09:21:43.000000",1
356,676759.0,0.03380782,676523.0,676522.0,676517.0,676509.0,676460.0,676749.0,676780.0,676828.0,676972.0,676973.0,0.03255,0.005,0.00579219,0.02,0.0389,0.005,0.0193,0.030142,0.5845,0.024,"20180628 09:22:00.776509","20180628 09:18:16.000000",1
56,676741.0,0.00533081,676523.0,676517.0,676507.0,676421.0,676420.0,676749.0,676780.0,676828.0,676845.0,676914.0,0.03255,0.00579219,0.02,0.0389,0.0101,0.005,0.0193,0.030142,0.5845,0.04,"20180628 09:22:01.727029","20180628 09:21:43.000000",1
92,676741.0,0.00533081,676523.0,676517.0,676445.0,676440.0,676421.0,676749.0,676780.0,676828.0,676913.0,676999.0,0.03255,0.00579219,0.01,0.02,0.0389,0.005,0.0193,0.030142,0.5845,0.005,"20180628 09:22:02.320626","20180628 09:21:43.000000",1
326,676759.0,0.03380782,676523.0,676517.0,676445.0,676441.0,676440.0,676749.0,676780.0,676828.0,676972.0,676999.0,0.03255,0.00579219,0.02,0.0389,0.02,0.005,0.0193,0.030142,0.5845,0.005,"20180628 09:22:02.593676","20180628 09:18:16.000000",1
66,676741.0,0.00533081,676523.0,676517.0,676445.0,676441.0,676440.0,676749.0,676780.0,676807.0,676828.0,676839.0,0.03255,0.00579219,0.01,0.0389,0.02,0.005,0.0193,0.02,0.030142,0.02,"20180628 09:22:02.862662","20180628 09:21:43.000000",1
357,676759.0,0.03380782,676523.0,676517.0,676445.0,676441.0,676440.0,676749.0,676780.0,676807.0,676828.0,676839.0,0.03255,0.00579219,0.01,0.0389,0.02,0.005,0.0193,0.02,0.030142,0.02,"20180628 09:22:03.001826","20180628 09:18:16.000000",1
57,676741.0,0.00533081,676523.0,676517.0,676447.0,676446.0,676423.0,676749.0,676780.0,676807.0,676827.0,676828.0,0.03255,0.00579219,0.0389,0.01,0.01999912,0.005,0.0193,0.02,0.5845,0.030142,"20180628 09:22:03.938212","20180628 09:21:43.000000",1
93,676741.0,0.00533081,676523.0,676517.0,676452.0,676424.0,676423.0,676749.0,676807.0,676827.0,676828.0,676839.0,0.03255,0.00579219,0.02,0.0389,0.01999912,0.005,0.02,0.5845,0.030142,0.02,"20180628 09:22:04.567018","20180628 09:21:43.000000",1
327,676759.0,0.03380782,676523.0,676517.0,676453.0,676452.0,676420.0,676749.0,676827.0,676828.0,676910.0,676928.0,0.03255,0.00579219,0.0389,0.01,0.0101,0.005,0.5845,0.030142,0.08,0.1392991,"20180628 09:22:04.815414","20180628 09:18:16.000000",1
67,676741.0,0.00533081,676523.0,676517.0,676458.0,676453.0,676429.0,676749.0,676827.0,676828.0,676928.0,676999.0,0.03255,0.00579219,0.01,0.0389,0.01,0.005,0.5845,0.030142,0.1392991,0.005,"20180628 09:22:05.078974","20180628 09:21:43.000000",1
358,676759.0,0.03380782,676523.0,676517.0,676458.0,676453.0,676429.0,676749.0,676828.0,676909.0,676999.0,677214.0,0.03255,0.00579219,0.01,0.0389,0.01,0.005,0.030142,0.5845,0.005,0.024,"20180628 09:22:05.221684","20180628 09:18:16.000000",1
58,676741.0,0.00533081,676569.0,676523.0,676517.0,676458.0,676430.0,676749.0,676828.0,676927.0,676957.0,676981.0,0.01999476,0.03255,0.00579219,0.02,0.0389,0.005,0.030142,0.5845,0.02,0.02,"20180628 09:22:06.124916","20180628 09:21:43.000000",1
94,676741.0,0.00533081,676570.0,676569.0,676517.0,676459.0,676458.0,676749.0,676828.0,676957.0,676981.0,676999.0,0.031542,0.01999476,0.00579219,0.0389,0.01,0.005,0.030142,0.02,0.02,0.005,"20180628 09:22:06.780271","20180628 09:21:43.000000",1
328,676759.0,0.03380782,676570.0,676569.0,676528.0,676517.0,676459.0,676749.0,676828.0,676957.0,676980.0,676981.0,0.031542,0.01999476,0.02,0.00579219,0.0389,0.005,0.030142,0.02,0.5895,0.02,"20180628 09:22:07.009813","20180628 09:18:16.000000",1
68,676741.0,0.00533081,676570.0,676569.0,676528.0,676517.0,676459.0,676749.0,676828.0,676957.0,676980.0,676981.0,0.031542,0.01999476,0.01,0.00579219,0.0389,0.005,0.030142,0.02,0.5895,0.02,"20180628 09:22:07.301310","20180628 09:21:43.000000",1
359,676759.0,0.03380782,676570.0,676569.0,676528.0,676517.0,676459.0,676749.0,676828.0,676957.0,676980.0,676981.0,0.031542,0.01999476,0.01,0.00579219,0.0389,0.005,0.030142,0.02,0.5895,0.02,"20180628 09:22:07.446769","20180628 09:18:16.000000",1
59,676741.0,0.00533081,676541.0,676536.0,676517.0,676510.0,676477.0,676749.0,676828.0,676998.0,676999.0,677214.0,0.01,0.02,0.00579219,0.02,0.04,0.005,0.030142,0.5895,0.005,0.024,"20180628 09:22:08.356042","20180628 09:21:43.000000",1
95,676741.0,0.00533081,676579.0,676541.0,676536.0,676517.0,676510.0,676749.0,676828.0,676860.0,676885.0,676941.0,0.005,0.01,0.02,0.00579219,0.02,0.005,0.030142,0.02,0.02,0.04,"20180628 09:22:09.029878","20180628 09:21:43.000000",1
329,676759.0,0.03380782,676579.0,676536.0,676517.0,676510.0,676483.0,676749.0,676828.0,676860.0,676885.0,676941.0,0.005,0.02,0.00579219,0.02,0.0405,0.005,0.030142,0.02,0.02,0.04,"20180628 09:22:09.203754","20180628 09:18:16.000000",1
69,676741.0,0.00533081,676510.0,676483.0,676477.0,676475.0,676420.0,676749.0,676828.0,676860.0,676885.0,676941.0,0.00459219,0.0405,0.04,0.01999763,0.0101,0.005,0.030142,0.02,0.02,0.04,"20180628 09:22:09.541655","20180628 09:21:43.000000",1
60,676510.0,0.01540781,676541.0,676536.0,676517.0,676510.0,676477.0,676749.0,676828.0,676998.0,676999.0,677214.0,0.01,0.02,0.00579219,0.02,0.04,0.005,0.030142,0.5895,0.005,0.024,"20180628 09:22:08.356042","20180628 09:22:08.000000",2
70,676510.0,0.01540781,676510.0,676483.0,676477.0,676475.0,676420.0,676749.0,676828.0,676860.0,676885.0,676941.0,0.00459219,0.0405,0.04,0.01999763,0.0101,0.005,0.030142,0.02,0.02,0.04,"20180628 09:22:09.541655","20180628 09:22:08.000000",2
360,676759.0,0.03380782,676475.0,676421.0,676420.0,676340.0,676251.0,676749.0,676828.0,676855.0,676860.0,676884.0,0.01999763,0.0605,0.0101,0.04,0.005,0.005,0.030142,0.01,0.02,0.6012,"20180628 09:22:10.129385","20180628 09:18:16.000000",1
61,676510.0,0.01540781,676475.0,676421.0,676420.0,676340.0,676251.0,676749.0,676768.0,676788.0,676828.0,676855.0,0.01999763,0.0605,0.0101,0.04,0.005,0.01658438,0.03,0.03,0.030142,0.02,"20180628 09:22:10.534741","20180628 09:22:08.000000",1
96,676510.0,0.01540781,676579.0,676541.0,676536.0,676517.0,676510.0,676749.0,676828.0,676860.0,676885.0,676941.0,0.005,0.01,0.02,0.00579219,0.02,0.005,0.030142,0.02,0.02,0.04,"20180628 09:22:09.029878","20180628 09:22:08.000000",2
97,676510.0,0.01540781,676421.0,676420.0,676340.0,676336.0,676287.0,676706.0,676712.0,676749.0,676758.0,676768.0,0.0824,0.0101,0.04,0.02,0.02,0.02,0.01540905,0.01658438,0.03,0.03,"20180628 09:22:11.240600","20180628 09:22:08.000000",1
330,676759.0,0.03380782,676421.0,676420.0,676340.0,676336.0,676287.0,676706.0,676712.0,676730.0,676749.0,676823.0,0.0824,0.0101,0.04,0.02,0.02,0.02,0.01540905,0.03,0.01658438,0.02,"20180628 09:22:11.391060","20180628 09:18:16.000000",1
71,676510.0,0.01540781,676420.0,676341.0,676340.0,676336.0,676287.0,676706.0,676712.0,676730.0,676749.0,676757.0,0.0101,0.1024,0.04,0.02,0.02,0.02,0.01540905,0.03,0.01658438,0.568,"20180628 09:22:11.730397","20180628 09:22:08.000000",1
361,676759.0,0.03380782,676422.0,676420.0,676362.0,676342.0,676341.0,676706.0,676712.0,676718.0,676725.0,676729.0,0.030296,0.0101,0.02,0.251,0.1024,0.02,0.01540905,0.03,0.02,0.568,"20180628 09:22:12.352861","20180628 09:18:16.000000",1
62,676510.0,0.01540781,676423.0,676422.0,676420.0,676362.0,676342.0,676712.0,676718.0,676729.0,676747.0,676749.0,0.0987,0.030296,0.0101,0.02,0.251,0.01540905,0.06,0.568,0.02,0.005,"20180628 09:22:12.748312","20180628 09:22:08.000000",1
98,676510.0,0.01540781,676423.0,676422.0,676420.0,676362.0,676342.0,676713.0,676718.0,676729.0,676747.0,676749.0,0.0987,0.030296,0.0101,0.02,0.251,0.02,0.06,0.568,0.02,0.005,"20180628 09:22:13.476356","20180628 09:22:08.000000",1
331,676759.0,0.03380782,676425.0,676424.0,676420.0,676377.0,676357.0,676712.0,676713.0,676714.0,676736.0,676749.0,0.0987,0.031066,0.0101,0.02,0.02,0.01158438,0.02,0.03,0.02,0.005,"20180628 09:22:14.066092","20180628 09:18:16.000000",1
72,676510.0,0.01540781,676425.0,676424.0,676420.0,676377.0,676357.0,676711.0,676712.0,676714.0,676715.0,676722.0,0.0987,0.031066,0.0101,0.02,0.02,0.2,0.01158438,0.03,0.03,0.5643,"20180628 09:22:14.424150","20180628 09:22:08.000000",1
362,676759.0,0.03380782,676425.0,676424.0,676420.0,676377.0,676357.0,676711.0,676712.0,676714.0,676715.0,676722.0,0.0987,0.031066,0.0101,0.02,0.02,0.2,0.01158438,0.03,0.03,0.5643,"20180628 09:22:14.573696","20180628 09:18:16.000000",1
63,676510.0,0.01540781,676425.0,676424.0,676420.0,676377.0,676357.0,676711.0,676712.0,676714.0,676715.0,676722.0,0.0987,0.031066,0.0101,0.02,0.02,0.2,0.01158438,0.03,0.03,0.5643,"20180628 09:22:14.961625","20180628 09:22:08.000000",1
99,676510.0,0.01540781,676430.0,676425.0,676420.0,676377.0,676357.0,676710.0,676714.0,676722.0,676736.0,676749.0,0.005,0.0987,0.0101,0.02,0.02,0.5562,0.03,0.04,0.02,0.005,"20180628 09:22:15.670428","20180628 09:22:08.000000",1
332,676759.0,0.03380782,676431.0,676430.0,676421.0,676420.0,676402.0,676712.0,676721.0,676722.0,676749.0,676757.0,0.0057922,0.01,0.1105,0.0101,0.02,0.03,0.5562,0.04,0.005,0.08,"20180628 09:22:16.255919","20180628 09:18:16.000000",1
64,676712.0,0.008,676425.0,676424.0,676420.0,676377.0,676357.0,676711.0,676712.0,676714.0,676715.0,676722.0,0.0987,0.031066,0.0101,0.02,0.02,0.2,0.01158438,0.03,0.03,0.5643,"20180628 09:22:14.961625","20180628 09:22:14.000000",2
100,676712.0,0.008,676430.0,676425.0,676420.0,676377.0,676357.0,676710.0,676714.0,676722.0,676736.0,676749.0,0.005,0.0987,0.0101,0.02,0.02,0.5562,0.03,0.04,0.02,0.005,"20180628 09:22:15.670428","20180628 09:22:14.000000",2
363,676759.0,0.03380782,676431.0,676430.0,676421.0,676420.0,676402.0,676705.0,676721.0,676749.0,676757.0,676795.0,0.0962922,0.01,0.02,0.0101,0.02,0.02,0.5562,0.005,0.08,0.13929662,"20180628 09:22:16.783884","20180628 09:18:16.000000",1
73,676510.0,0.01540781,676431.0,676430.0,676421.0,676420.0,676404.0,676721.0,676749.0,676757.0,676795.0,676803.0,0.0962922,0.03,0.02,0.0101,0.02,0.5562,0.005,0.08,0.13929662,0.02,"20180628 09:22:17.110827","20180628 09:22:08.000000",1
74,676712.0,0.008,676431.0,676430.0,676421.0,676420.0,676404.0,676721.0,676749.0,676757.0,676795.0,676803.0,0.0962922,0.03,0.02,0.0101,0.02,0.5562,0.005,0.08,0.13929662,0.02,"20180628 09:22:17.110827","20180628 09:22:14.000000",2
65,676712.0,0.008,676431.0,676430.0,676421.0,676420.0,676404.0,676716.0,676749.0,676756.0,676803.0,676828.0,0.0962922,0.03,0.02,0.0101,0.02,0.02,0.005,0.5562,0.02,0.01541153,"20180628 09:22:17.186963","20180628 09:22:14.000000",1
101,676712.0,0.008,676459.0,676431.0,676430.0,676420.0,676404.0,676716.0,676749.0,676803.0,676827.0,676828.0,0.01999612,0.0300922,0.03,0.0101,0.02,0.02,0.005,0.02,0.5562,0.01541153,"20180628 09:22:17.894306","20180628 09:22:14.000000",1
333,676759.0,0.03380782,676460.0,676459.0,676430.0,676420.0,676404.0,676716.0,676749.0,676751.0,676752.0,676803.0,0.092045,0.01999612,0.01,0.0101,0.02,0.0057922,0.005,0.02,0.03,0.02,"20180628 09:22:18.476275","20180628 09:18:16.000000",1
66,676431.0,0.0604078,676431.0,676430.0,676421.0,676420.0,676404.0,676716.0,676749.0,676756.0,676803.0,676828.0,0.0962922,0.03,0.02,0.0101,0.02,0.02,0.005,0.5562,0.02,0.01541153,"20180628 09:22:17.186963","20180628 09:22:16.000000",2
102,676431.0,0.0604078,676459.0,676431.0,676430.0,676420.0,676404.0,676716.0,676749.0,676803.0,676827.0,676828.0,0.01999612,0.0300922,0.03,0.0101,0.02,0.02,0.005,0.02,0.5562,0.01541153,"20180628 09:22:17.894306","20180628 09:22:16.000000",2
364,676759.0,0.03380782,676460.0,676459.0,676441.0,676433.0,676430.0,676716.0,676749.0,676750.0,676779.0,676798.0,0.031745,0.01999612,0.02,0.0572,0.01,0.0057922,0.005,0.06,0.030016,0.02,"20180628 09:22:19.004066","20180628 09:18:16.000000",1
75,676431.0,0.0604078,676431.0,676430.0,676421.0,676420.0,676404.0,676721.0,676749.0,676757.0,676795.0,676803.0,0.0962922,0.03,0.02,0.0101,0.02,0.5562,0.005,0.08,0.13929662,0.02,"20180628 09:22:17.110827","20180628 09:22:16.000000",2
76,676431.0,0.0604078,676460.0,676459.0,676441.0,676430.0,676425.0,676716.0,676749.0,676750.0,676779.0,676798.0,0.103945,0.01999612,0.02,0.01,0.01999874,0.0057922,0.005,0.03,0.030016,0.02,"20180628 09:22:19.286172","20180628 09:22:16.000000",1
67,676431.0,0.0604078,676460.0,676459.0,676441.0,676430.0,676425.0,676716.0,676749.0,676750.0,676779.0,676798.0,0.103945,0.01999612,0.02,0.01,0.01999874,0.0057922,0.005,0.03,0.030016,0.02,"20180628 09:22:19.373519","20180628 09:22:16.000000",1
103,676431.0,0.0604078,676461.0,676460.0,676442.0,676441.0,676430.0,676716.0,676749.0,676750.0,676774.0,676778.0,0.0722,0.051745,0.02,0.02,0.01,0.0057922,0.005,0.03,0.02,0.5982,"20180628 09:22:20.127588","20180628 09:22:16.000000",1
334,676759.0,0.03380782,676460.0,676443.0,676442.0,676430.0,676420.0,676716.0,676749.0,676750.0,676773.0,676779.0,0.02,0.0603,0.02,0.01,0.0101,0.0057922,0.005,0.03,0.6182,0.030016,"20180628 09:22:20.687968","20180628 09:18:16.000000",1
68,676443.0,0.0462,676460.0,676459.0,676441.0,676430.0,676425.0,676716.0,676749.0,676750.0,676779.0,676798.0,0.103945,0.01999612,0.02,0.01,0.01999874,0.0057922,0.005,0.03,0.030016,0.02,"20180628 09:22:19.373519","20180628 09:22:20.000000",2
77,676443.0,0.0462,676460.0,676459.0,676441.0,676430.0,676425.0,676716.0,676749.0,676750.0,676779.0,676798.0,0.103945,0.01999612,0.02,0.01,0.01999874,0.0057922,0.005,0.03,0.030016,0.02,"20180628 09:22:19.286172","20180628 09:22:20.000000",2
365,676759.0,0.03380782,676443.0,676442.0,676430.0,676420.0,676408.0,676716.0,676749.0,676750.0,676772.0,676773.0,0.03409712,0.02,0.01,0.0101,0.04,0.0057922,0.005,0.03,0.5864,0.02,"20180628 09:22:21.221118","20180628 09:18:16.000000",1
104,676443.0,0.0462,676461.0,676460.0,676442.0,676441.0,676430.0,676716.0,676749.0,676750.0,676774.0,676778.0,0.0722,0.051745,0.02,0.02,0.01,0.0057922,0.005,0.03,0.02,0.5982,"20180628 09:22:20.127588","20180628 09:22:20.000000",2
78,676443.0,0.0462,676443.0,676442.0,676430.0,676420.0,676408.0,676716.0,676749.0,676750.0,676772.0,676774.0,0.03409712,0.02,0.01,0.0101,0.04,0.0057922,0.005,0.03,0.5864,0.02,"20180628 09:22:21.509124","20180628 09:22:20.000000",1
69,676443.0,0.0462,676443.0,676442.0,676430.0,676420.0,676408.0,676716.0,676749.0,676750.0,676772.0,676774.0,0.03409712,0.02,0.01,0.0101,0.04,0.0057922,0.005,0.03,0.5864,0.02,"20180628 09:22:21.599465","20180628 09:22:20.000000",1
105,676443.0,0.0462,676443.0,676430.0,676421.0,676420.0,676392.0,676716.0,676749.0,676750.0,676754.0,676778.0,0.01999712,0.01,0.0372,0.0101,0.02,0.0057922,0.005,0.03,0.02,0.6145,"20180628 09:22:22.305158","20180628 09:22:20.000000",1
335,676759.0,0.03380782,676430.0,676420.0,676419.0,676393.0,676392.0,676716.0,676749.0,676750.0,676754.0,676778.0,0.01,0.0101,0.02,0.0454,0.02,0.0057922,0.025,0.03,0.02,0.6145,"20180628 09:22:22.953790","20180628 09:18:16.000000",1
366,676759.0,0.03380782,676430.0,676420.0,676419.0,676393.0,676392.0,676716.0,676749.0,676750.0,676753.0,676754.0,0.01,0.0101,0.02,0.0454,0.02,0.0057922,0.025,0.03,0.6176,0.02,"20180628 09:22:23.434994","20180628 09:18:16.000000",1
79,676443.0,0.0462,676430.0,676421.0,676420.0,676419.0,676388.0,676716.0,676749.0,676750.0,676753.0,676779.0,0.01,0.0404,0.0101,0.02,0.02,0.0057922,0.025,0.03,0.6176,0.030016,"20180628 09:22:23.694213","20180628 09:22:20.000000",1
70,676443.0,0.0462,676440.0,676430.0,676421.0,676420.0,676419.0,676716.0,676749.0,676750.0,676753.0,676779.0,0.01999753,0.01,0.0404,0.0101,0.02,0.0057922,0.005,0.03,0.6176,0.030016,"20180628 09:22:23.833488","20180628 09:22:20.000000",1
106,676443.0,0.0462,676441.0,676440.0,676430.0,676420.0,676419.0,676716.0,676748.0,676749.0,676750.0,676778.0,0.030926,0.01999753,0.01,0.0555,0.02,0.0057922,0.02,0.005,0.03,0.6176,"20180628 09:22:24.488954","20180628 09:22:20.000000",1
336,676759.0,0.03380782,676448.0,676441.0,676440.0,676430.0,676420.0,676716.0,676731.0,676732.0,676749.0,676773.0,0.02,0.030926,0.01999753,0.02499659,0.0101,0.0057922,0.6176,0.03,0.005,0.02,"20180628 09:22:25.177123","20180628 09:18:16.000000",1
367,676759.0,0.03380782,676448.0,676440.0,676430.0,676420.0,676394.0,676716.0,676731.0,676732.0,676749.0,676773.0,0.02,0.01999753,0.02499659,0.0101,0.0454,0.0057922,0.6176,0.03,0.005,0.02,"20180628 09:22:25.620323","20180628 09:18:16.000000",1
80,676443.0,0.0462,676448.0,676430.0,676421.0,676420.0,676393.0,676715.0,676716.0,676723.0,676749.0,676777.0,0.02,0.01999659,0.0454,0.0101,0.251,0.2,0.0057922,0.06,0.005,0.02,"20180628 09:22:25.874839","20180628 09:22:20.000000",1
71,676443.0,0.0462,676448.0,676430.0,676422.0,676421.0,676420.0,676715.0,676716.0,676723.0,676726.0,676749.0,0.02,0.01999659,0.02,0.0454,0.0101,0.2,0.0057922,0.06,0.02,0.005,"20180628 09:22:26.060264","20180628 09:22:20.000000",1
107,676443.0,0.0462,676448.0,676430.0,676422.0,676420.0,676403.0,676714.0,676715.0,676723.0,676749.0,676777.0,0.02,0.01999659,0.02,0.0101,0.02,0.6176,0.2,0.03,0.005,0.02,"20180628 09:22:26.714984","20180628 09:22:20.000000",1
337,676759.0,0.03380782,676422.0,676420.0,676404.0,676403.0,676394.0,676712.0,676713.0,676749.0,676763.0,676777.0,0.02,0.0101,0.01999892,0.02,0.0454,0.6176,0.26,0.005,0.02,0.02,"20180628 09:22:27.409085","20180628 09:18:16.000000",1
368,676759.0,0.03380782,676420.0,676404.0,676403.0,676393.0,676362.0,676708.0,676712.0,676713.0,676749.0,676763.0,0.0101,0.01999892,0.02,0.251,0.0454,0.02,0.6176,0.26,0.005,0.02,"20180628 09:22:27.812109","20180628 09:18:16.000000",1
81,676443.0,0.0462,676420.0,676413.0,676404.0,676394.0,676393.0,676708.0,676710.0,676712.0,676749.0,676763.0,0.0101,0.02,0.01999892,0.01999868,0.251,0.02,0.03,0.6233922,0.005,0.02,"20180628 09:22:28.102014","20180628 09:22:20.000000",1
72,676443.0,0.0462,676420.0,676413.0,676395.0,676394.0,676393.0,676707.0,676711.0,676712.0,676749.0,676762.0,0.0101,0.02,0.0454,0.01999868,0.251,0.02,0.03,0.0057922,0.005,0.6176,"20180628 09:22:28.727655","20180628 09:22:20.000000",1
108,676443.0,0.0462,676420.0,676413.0,676395.0,676394.0,676393.0,676707.0,676711.0,676712.0,676731.0,676747.0,0.0101,0.02,0.0454,0.01999868,0.251,0.02,0.03,0.0057922,0.02,0.01541489,"20180628 09:22:28.947791","20180628 09:22:20.000000",1
338,676759.0,0.03380782,676421.0,676420.0,676395.0,676393.0,676362.0,676706.0,676712.0,676721.0,676726.0,676731.0,0.029834,0.0101,0.0454,0.251,0.02,0.2,0.0057922,0.03,0.01,0.02,"20180628 09:22:29.610891","20180628 09:18:16.000000",1
369,676759.0,0.03380782,676426.0,676421.0,676420.0,676395.0,676393.0,676706.0,676708.0,676721.0,676726.0,676731.0,0.005,0.029834,0.0101,0.0454,0.251,0.2,0.03,0.03,0.01,0.02,"20180628 09:22:30.040265","20180628 09:18:16.000000",1
82,676443.0,0.0462,676427.0,676426.0,676420.0,676394.0,676393.0,676701.0,676705.0,676706.0,676707.0,676731.0,0.030002,0.005,0.0101,0.0454,0.251,0.02,0.6176,0.2,0.03,0.02,"20180628 09:22:30.332067","20180628 09:22:20.000000",1
73,676443.0,0.0462,676427.0,676426.0,676420.0,676393.0,676384.0,676700.0,676701.0,676703.0,676705.0,676721.0,0.030002,0.005,0.0101,0.251,0.0366,0.2,0.0057922,0.06,0.6176,0.02,"20180628 09:22:30.913823","20180628 09:22:20.000000",1
109,676443.0,0.0462,676427.0,676426.0,676420.0,676393.0,676384.0,676700.0,676701.0,676704.0,676705.0,676721.0,0.030002,0.005,0.0101,0.251,0.0366,0.22,0.0057922,0.03,0.6176,0.02,"20180628 09:22:31.174955","20180628 09:22:20.000000",1
339,676759.0,0.03380782,676427.0,676426.0,676420.0,676398.0,676394.0,676694.0,676699.0,676703.0,676721.0,676747.0,0.030002,0.005,0.0101,0.02,0.0316,0.02,0.0057922,0.6138,0.02,0.02,"20180628 09:22:31.838185","20180628 09:18:16.000000",1
370,676759.0,0.03380782,676427.0,676426.0,676420.0,676398.0,676394.0,676694.0,676699.0,676701.0,676702.0,676703.0,0.030002,0.005,0.0101,0.02,0.0316,0.02,0.0057922,0.03,0.03,0.6138,"20180628 09:22:32.234014","20180628 09:18:16.000000",1
83,676443.0,0.0462,676427.0,676426.0,676420.0,676399.0,676398.0,676697.0,676699.0,676701.0,676747.0,676748.0,0.030002,0.005,0.0101,0.0316,0.02,0.01,0.0057922,0.03,0.02,0.6138,"20180628 09:22:32.567457","20180628 09:22:20.000000",1
84,676399.0,0.021098,676427.0,676426.0,676420.0,676399.0,676398.0,676697.0,676699.0,676701.0,676747.0,676748.0,0.030002,0.005,0.0101,0.0316,0.02,0.01,0.0057922,0.03,0.02,0.6138,"20180628 09:22:32.567457","20180628 09:22:32.000000",2
74,676443.0,0.0462,676400.0,676399.0,676398.0,676393.0,676392.0,676697.0,676699.0,676701.0,676742.0,676747.0,0.029946,0.010502,0.02,0.251,0.01999989,0.02,0.0057922,0.03,0.02,0.02,"20180628 09:22:33.130939","20180628 09:22:20.000000",1
75,676399.0,0.021098,676400.0,676399.0,676398.0,676393.0,676392.0,676697.0,676699.0,676701.0,676742.0,676747.0,0.029946,0.010502,0.02,0.251,0.01999989,0.02,0.0057922,0.03,0.02,0.02,"20180628 09:22:33.130939","20180628 09:22:32.000000",2
110,676443.0,0.0462,676400.0,676399.0,676398.0,676393.0,676392.0,676696.0,676697.0,676699.0,676701.0,676742.0,0.029946,0.010502,0.02,0.251,0.01999989,0.2,0.01,0.0057922,0.03,0.02,"20180628 09:22:33.362666","20180628 09:22:20.000000",1
111,676399.0,0.021098,676400.0,676399.0,676398.0,676393.0,676392.0,676696.0,676697.0,676699.0,676701.0,676742.0,0.029946,0.010502,0.02,0.251,0.01999989,0.2,0.01,0.0057922,0.03,0.02,"20180628 09:22:33.362666","20180628 09:22:32.000000",2
340,676759.0,0.03380782,676400.0,676394.0,676393.0,676392.0,676385.0,676695.0,676696.0,676701.0,676737.0,676742.0,0.029946,0.0518,0.251,0.01999989,0.02,0.6251,0.2,0.03,0.02,0.02,"20180628 09:22:34.065687","20180628 09:18:16.000000",1
371,676759.0,0.03380782,676400.0,676394.0,676393.0,676392.0,676385.0,676691.0,676695.0,676696.0,676701.0,676742.0,0.029946,0.0518,0.251,0.01999989,0.02,0.01,0.6251,0.2,0.03,0.02,"20180628 09:22:34.423148","20180628 09:18:16.000000",1
85,676399.0,0.021098,676400.0,676393.0,676385.0,676378.0,676367.0,676686.0,676690.0,676691.0,676693.0,676695.0,0.029946,0.308,0.02,0.02,0.01999986,0.0293,0.041346,0.01,0.03,0.6308922,"20180628 09:22:34.802673","20180628 09:22:32.000000",1
76,676399.0,0.021098,676401.0,676400.0,676393.0,676385.0,676378.0,676685.0,676686.0,676688.0,676690.0,676695.0,0.062,0.029946,0.251,0.02,0.02,0.01,0.0293,0.04,0.031346,0.6308922,"20180628 09:22:35.343004","20180628 09:22:32.000000",1
112,676399.0,0.021098,676401.0,676400.0,676393.0,676378.0,676367.0,676685.0,676686.0,676688.0,676690.0,676692.0,0.062,0.029946,0.251,0.02,0.01999986,0.01,0.0293,0.04,0.031346,0.6254,"20180628 09:22:35.556601","20180628 09:22:32.000000",1
341,676759.0,0.03380782,676411.0,676406.0,676401.0,676393.0,676378.0,676683.0,676685.0,676686.0,676687.0,676688.0,0.0199996,0.005,0.062,0.251,0.02,0.01,0.01,0.0293,0.6254,0.03,"20180628 09:22:36.261983","20180628 09:18:16.000000",1
372,676759.0,0.03380782,676411.0,676406.0,676401.0,676393.0,676378.0,676683.0,676685.0,676686.0,676687.0,676688.0,0.0199996,0.005,0.062,0.251,0.02,0.01,0.01,0.0293,0.6254,0.03,"20180628 09:22:36.653454","20180628 09:18:16.000000",1
86,676399.0,0.021098,676412.0,676411.0,676406.0,676393.0,676350.0,676682.0,676683.0,676685.0,676686.0,676692.0,0.0708,0.0199996,0.005,0.251,0.02,0.22,0.0057922,0.06,0.0293,0.02,"20180628 09:22:36.987877","20180628 09:22:32.000000",1
77,676399.0,0.021098,676411.0,676406.0,676394.0,676393.0,676350.0,676682.0,676685.0,676686.0,676687.0,676692.0,0.0199996,0.005,0.0708,0.251,0.02,0.22,0.03,0.0293,0.6341,0.02,"20180628 09:22:37.545514","20180628 09:22:32.000000",1
113,676399.0,0.021098,676406.0,676402.0,676394.0,676393.0,676387.0,676681.0,676682.0,676685.0,676686.0,676692.0,0.005,0.02,0.0708,0.251,0.02,0.6541,0.2057922,0.03,0.0293,0.02,"20180628 09:22:38.217275","20180628 09:22:32.000000",1
342,676759.0,0.03380782,676406.0,676402.0,676393.0,676388.0,676387.0,676681.0,676685.0,676686.0,676692.0,676749.0,0.005,0.02,0.251,0.0708,0.02,0.6441,0.03,0.0293,0.02,0.005,"20180628 09:22:38.463784","20180628 09:18:16.000000",1
373,676759.0,0.03380782,676406.0,676403.0,676402.0,676393.0,676387.0,676677.0,676681.0,676685.0,676686.0,676726.0,0.005,0.0708,0.02,0.251,0.02,0.02,0.6341,0.03,0.0293,0.02,"20180628 09:22:38.838745","20180628 09:18:16.000000",1
87,676399.0,0.021098,676406.0,676403.0,676402.0,676387.0,676370.0,676677.0,676681.0,676685.0,676686.0,676726.0,0.005,0.0708,0.02,0.02,0.02,0.02,0.6398922,0.03,0.0293,0.02,"20180628 09:22:39.175864","20180628 09:22:32.000000",1
78,676399.0,0.021098,676406.0,676403.0,676402.0,676394.0,676387.0,676677.0,676679.0,676681.0,676685.0,676686.0,0.005,0.0708,0.02,0.251,0.02,0.02,0.03,0.0057922,0.6341,0.0293,"20180628 09:22:39.770609","20180628 09:22:32.000000",1
114,676399.0,0.021098,676406.0,676394.0,676371.0,676370.0,676356.0,676676.0,676679.0,676680.0,676681.0,676686.0,0.005,0.251,0.0708,0.02,0.04,0.01,0.03,0.6341,0.0057922,0.0293,"20180628 09:22:40.407380","20180628 09:22:32.000000",1
343,676759.0,0.03380782,676407.0,676406.0,676403.0,676394.0,676358.0,676676.0,676685.0,676686.0,676720.0,676745.0,0.031395,0.005,0.0708,0.251,0.02,0.02,0.6341,0.0293,0.02,0.02,"20180628 09:22:40.648776","20180628 09:18:16.000000",1
374,676759.0,0.03380782,676407.0,676406.0,676394.0,676359.0,676358.0,676676.0,676679.0,676684.0,676686.0,676701.0,0.031395,0.005,0.251,0.0656,0.02,0.02,0.06,0.6289,0.0293,0.02,"20180628 09:22:41.060253","20180628 09:18:16.000000",1
88,676399.0,0.021098,676407.0,676406.0,676394.0,676359.0,676358.0,676674.0,676676.0,676679.0,676684.0,676686.0,0.031395,0.005,0.251,0.0656,0.02,0.02,0.0057922,0.03,0.6289,0.0293,"20180628 09:22:41.397088","20180628 09:22:32.000000",1
79,676399.0,0.021098,676408.0,676407.0,676406.0,676395.0,676394.0,676674.0,676676.0,676677.0,676678.0,676681.0,0.0656,0.031395,0.005,0.01999956,0.251,0.02,0.0057922,0.03,0.6289,0.03,"20180628 09:22:41.951384","20180628 09:22:32.000000",1
115,676399.0,0.021098,676409.0,676408.0,676406.0,676395.0,676394.0,676673.0,676676.0,676677.0,676685.0,676686.0,0.031458,0.0656,0.005,0.01999956,0.251,0.02,0.0057922,0.03,0.6289,0.0293,"20180628 09:22:42.601886","20180628 09:22:32.000000",1
344,676759.0,0.03380782,676409.0,676406.0,676396.0,676395.0,676394.0,676676.0,676677.0,676685.0,676686.0,676719.0,0.031458,0.005,0.0656,0.01999956,0.251,0.0057922,0.03,0.6289,0.0293,0.02,"20180628 09:22:42.883083","20180628 09:18:16.000000",1
375,676759.0,0.03380782,676409.0,676406.0,676396.0,676395.0,676394.0,676676.0,676677.0,676680.0,676685.0,676686.0,0.031458,0.005,0.0656,0.01999956,0.251,0.0057922,0.03,0.02,0.6289,0.0293,"20180628 09:22:43.260401","20180628 09:18:16.000000",1
89,676399.0,0.021098,676410.0,676409.0,676406.0,676394.0,676377.0,676676.0,676680.0,676681.0,676685.0,676686.0,0.0656,0.031458,0.005,0.251,0.02,0.0057922,0.02,0.03,0.6289,0.0293,"20180628 09:22:43.613993","20180628 09:22:32.000000",1
80,676399.0,0.021098,676415.0,676410.0,676406.0,676394.0,676377.0,676676.0,676680.0,676681.0,676685.0,676686.0,0.005,0.0656,0.005,0.251,0.04,0.0057922,0.02,0.03,0.6289,0.0293,"20180628 09:22:44.185134","20180628 09:22:32.000000",1
116,676399.0,0.021098,676415.0,676407.0,676406.0,676394.0,676377.0,676676.0,676681.0,676685.0,676686.0,676732.0,0.005,0.0656,0.005,0.251,0.02,0.0057922,0.03,0.6289,0.0293,0.02,"20180628 09:22:44.835987","20180628 09:22:32.000000",1
345,676759.0,0.03380782,676415.0,676412.0,676407.0,676406.0,676394.0,676676.0,676680.0,676681.0,676685.0,676697.0,0.005,0.005,0.0656,0.005,0.251,0.0057922,0.02,0.03,0.6289,0.02,"20180628 09:22:45.147940","20180628 09:18:16.000000",1
90,676399.0,0.021098,676415.0,676412.0,676406.0,676394.0,676378.0,676676.0,676680.0,676683.0,676684.0,676697.0,0.005,0.005,0.005,0.251,0.0656,0.0057922,0.05,0.03,0.6289,0.02,"20180628 09:22:45.819791","20180628 09:22:32.000000",1
376,676759.0,0.03380782,676415.0,676412.0,676394.0,676393.0,676378.0,676676.0,676680.0,676683.0,676684.0,676697.0,0.005,0.005,0.251,0.02,0.0855992,0.0057922,0.02,0.03,0.6289,0.02,"20180628 09:22:45.925436","20180628 09:18:16.000000",1
81,676399.0,0.021098,676412.0,676407.0,676394.0,676393.0,676378.0,676676.0,676678.0,676680.0,676682.0,676697.0,0.005,0.0656,0.251,0.02,0.0199992,0.0057922,0.03,0.02,0.6289,0.02,"20180628 09:22:46.408925","20180628 09:22:32.000000",1
117,676399.0,0.021098,676412.0,676395.0,676394.0,676393.0,676378.0,676676.0,676678.0,676679.0,676696.0,676739.0,0.005,0.0642,0.251,0.02,0.0199992,0.0057922,0.03,0.02,0.6276,0.02,"20180628 09:22:47.066973","20180628 09:22:32.000000",1
346,676759.0,0.03380782,676412.0,676395.0,676393.0,676378.0,676371.0,676676.0,676678.0,676739.0,676745.0,676748.0,0.005,0.0642,0.02,0.0199992,0.02,0.0057922,0.03,0.02,0.6276,0.02,"20180628 09:22:47.430636","20180628 09:18:16.000000",1
91,676399.0,0.021098,676413.0,676412.0,676400.0,676396.0,676395.0,676676.0,676678.0,676691.0,676737.0,676738.0,0.031654,0.005,0.005,0.0642,0.251,0.0057922,0.03,0.01,0.02,0.6276,"20180628 09:22:48.056208","20180628 09:22:32.000000",1
377,676759.0,0.03380782,676413.0,676412.0,676400.0,676396.0,676395.0,676676.0,676678.0,676691.0,676737.0,676738.0,0.031654,0.005,0.005,0.0642,0.251,0.0057922,0.03,0.01,0.02,0.6276,"20180628 09:22:48.117249","20180628 09:18:16.000000",1
82,676399.0,0.021098,676413.0,676412.0,676400.0,676396.0,676395.0,676676.0,676678.0,676732.0,676736.0,676737.0,0.031654,0.005,0.005,0.0642,0.251,0.0057922,0.03,0.02,0.6276,0.02,"20180628 09:22:48.638279","20180628 09:22:32.000000",1
118,676399.0,0.021098,676425.0,676418.0,676413.0,676412.0,676408.0,676731.0,676736.0,676737.0,676749.0,676755.0,0.02,0.005,0.031654,0.005,0.01999737,0.01,0.6276,0.02,0.005,0.02,"20180628 09:22:49.258952","20180628 09:22:32.000000",1
347,676759.0,0.03380782,676426.0,676425.0,676418.0,676412.0,676408.0,676731.0,676735.0,676749.0,676755.0,676765.0,0.03607421,0.02,0.005,0.005,0.01999737,0.02,0.6426,0.005,0.02,0.02,"20180628 09:22:49.647971","20180628 09:18:16.000000",1
92,676678.0,0.0217348,676413.0,676412.0,676400.0,676396.0,676395.0,676676.0,676678.0,676691.0,676737.0,676738.0,0.031654,0.005,0.005,0.0642,0.251,0.0057922,0.03,0.01,0.02,0.6276,"20180628 09:22:48.056208","20180628 09:22:48.000000",2
119,676678.0,0.0217348,676425.0,676418.0,676413.0,676412.0,676408.0,676731.0,676736.0,676737.0,676749.0,676755.0,0.02,0.005,0.031654,0.005,0.01999737,0.01,0.6276,0.02,0.005,0.02,"20180628 09:22:49.258952","20180628 09:22:48.000000",2
83,676678.0,0.0217348,676413.0,676412.0,676400.0,676396.0,676395.0,676676.0,676678.0,676732.0,676736.0,676737.0,0.031654,0.005,0.005,0.0642,0.251,0.0057922,0.03,0.02,0.6276,0.02,"20180628 09:22:48.638279","20180628 09:22:48.000000",2
93,676678.0,0.0217348,676460.0,676444.0,676431.0,676427.0,676426.0,676730.0,676749.0,676764.0,676765.0,676766.0,0.02,0.02,0.005,0.02174287,0.03607421,0.02,0.005,0.6426,0.02,0.031759,"20180628 09:22:50.254436","20180628 09:22:48.000000",1
378,676759.0,0.03380782,676460.0,676444.0,676436.0,676431.0,676426.0,676730.0,676749.0,676764.0,676765.0,676766.0,0.02,0.02,0.02174258,0.005,0.00579221,0.02,0.005,0.6426,0.02,0.031759,"20180628 09:22:50.379775","20180628 09:18:16.000000",1
84,676678.0,0.0217348,676461.0,676460.0,676444.0,676431.0,676426.0,676729.0,676730.0,676749.0,676765.0,676766.0,0.02174177,0.02,0.02,0.005,0.00579221,0.2,0.01,0.005,0.6526,0.031759,"20180628 09:22:50.828194","20180628 09:22:48.000000",1
120,676678.0,0.0217348,676466.0,676465.0,676462.0,676460.0,676444.0,676728.0,676749.0,676759.0,676766.0,676795.0,0.005,0.01999706,0.02174174,0.02,0.02,0.6526,0.005,0.02,0.031759,0.2,"20180628 09:22:51.487649","20180628 09:22:48.000000",1
348,676759.0,0.03380782,676466.0,676465.0,676464.0,676463.0,676450.0,676723.0,676724.0,676727.0,676728.0,676749.0,0.005,0.01999706,0.02174168,0.02174171,0.02,0.01,0.01,0.2,0.6526,0.005,"20180628 09:22:51.882567","20180628 09:18:16.000000",1
94,676678.0,0.0217348,676466.0,676465.0,676450.0,676435.0,676432.0,676723.0,676727.0,676749.0,676766.0,676802.0,0.005,0.04173871,0.02,0.01999584,0.0392,0.01,0.2,0.005,0.031759,0.02,"20180628 09:22:52.457759","20180628 09:22:48.000000",1
379,676759.0,0.03380782,676466.0,676465.0,676450.0,676435.0,676432.0,676722.0,676727.0,676749.0,676766.0,676802.0,0.005,0.02174165,0.02,0.01999584,0.0392,0.01,0.2,0.005,0.031759,0.02,"20180628 09:22:52.604688","20180628 09:18:16.000000",1
85,676678.0,0.0217348,676477.0,676466.0,676458.0,676450.0,676435.0,676722.0,676726.0,676727.0,676749.0,676766.0,0.02,0.02674161,0.02,0.02,0.01999584,0.02,0.6526,0.2,0.005,0.031759,"20180628 09:22:53.018004","20180628 09:22:48.000000",1
121,676678.0,0.0217348,676477.0,676472.0,676466.0,676458.0,676450.0,676721.0,676726.0,676749.0,676766.0,676834.0,0.02,0.02174142,0.005,0.02,0.02,0.02,0.6526,0.005,0.031759,0.02,"20180628 09:22:53.723735","20180628 09:22:48.000000",1
349,676759.0,0.03380782,676485.0,676478.0,676477.0,676475.0,676466.0,676721.0,676749.0,676766.0,676834.0,676839.0,0.01999678,0.032123,0.02,0.04348264,0.005,0.01,0.005,0.031759,0.02,0.02,"20180628 09:22:54.103483","20180628 09:18:16.000000",1
95,676678.0,0.0217348,676490.0,676486.0,676485.0,676482.0,676477.0,676720.0,676721.0,676749.0,676766.0,676829.0,0.005,0.032522,0.01999678,0.0217411,0.02,0.2,0.01,0.005,0.031759,0.01,"20180628 09:22:54.636676","20180628 09:22:48.000000",1
380,676759.0,0.03380782,676490.0,676485.0,676466.0,676459.0,676431.0,676720.0,676721.0,676749.0,676766.0,676819.0,0.005,0.01999678,0.005,0.0406,0.005,0.2,0.01,0.005,0.031759,0.02,"20180628 09:22:54.795367","20180628 09:18:16.000000",1
86,676678.0,0.0217348,676490.0,676488.0,676485.0,676466.0,676431.0,676715.0,676719.0,676749.0,676766.0,676819.0,0.005,0.02174091,0.03999678,0.02499389,0.005,0.02,0.6589,0.005,0.031759,0.02,"20180628 09:22:55.243155","20180628 09:22:48.000000",1
350,676759.0,0.03380782,676490.0,676488.0,676485.0,676467.0,676466.0,676714.0,676749.0,676766.0,676813.0,676816.0,0.005,0.02174091,0.02,0.02,0.02499389,0.01,0.005,0.031759,0.01,0.1,"20180628 09:22:56.280247","20180628 09:18:16.000000",1
122,676678.0,0.0217348,676490.0,676488.0,676485.0,676467.0,676466.0,676714.0,676749.0,676766.0,676813.0,676816.0,0.005,0.02174091,0.02,0.02,0.02499389,0.01,0.005,0.031759,0.01,0.1,"20180628 09:22:56.374498","20180628 09:22:48.000000",1
96,676678.0,0.0217348,676490.0,676489.0,676474.0,676467.0,676466.0,676749.0,676766.0,676811.0,676815.0,676816.0,0.005,0.02174087,0.01999735,0.02,0.005,0.005,0.031759,0.01,0.6589,0.12,"20180628 09:22:56.826663","20180628 09:22:48.000000",1
87,676678.0,0.0217348,676490.0,676489.0,676474.0,676467.0,676466.0,676749.0,676811.0,676815.0,676816.0,676819.0,0.005,0.02174087,0.01999735,0.02,0.005,0.005,0.02,0.6589,0.12,0.02,"20180628 09:22:57.430557","20180628 09:22:48.000000",1
381,676759.0,0.03380782,676490.0,676489.0,676474.0,676467.0,676466.0,676749.0,676811.0,676815.0,676816.0,676819.0,0.005,0.02174087,0.01999735,0.02,0.005,0.005,0.02,0.6589,0.12,0.02,"20180628 09:22:57.474708","20180628 09:18:16.000000",1
88,676508.0,0.02,676490.0,676489.0,676474.0,676467.0,676466.0,676749.0,676811.0,676815.0,676816.0,676819.0,0.005,0.02174087,0.01999735,0.02,0.005,0.005,0.02,0.6589,0.12,0.02,"20180628 09:22:57.430557","20180628 09:22:57.000000",2
97,676508.0,0.02,676490.0,676489.0,676474.0,676467.0,676466.0,676749.0,676766.0,676811.0,676815.0,676816.0,0.005,0.02174087,0.01999735,0.02,0.005,0.005,0.031759,0.01,0.6589,0.12,"20180628 09:22:56.826663","20180628 09:22:57.000000",2
