"id","trade_px","trade_volume","b1","b2","b3","b4","b5","a1","a2","a3","a4","a5","bq1","bq2","bq3","bq4","bq5","aq1","aq2","aq3","aq4","aq5","order_date_time","trades_date_time","update_type"
10,0.0,0.0,0.0710001,0.07096778,0.07094943,0.07086496,0.07086495,0.07105115,0.07107,0.07107538,0.07108705,0.07108999,49.68939596,0.01,1.0,11.12216332,2.83217298,0.23751519,23.0417,6.0,7.24745797,43.39923116,"20180628 09:20:18.358670","20000101 00:00:00.000000",1
38,0.07114738,0.16216372,0.0710001,0.07096778,0.07094943,0.07086496,0.07086495,0.07105115,0.07107,0.07107538,0.07108999,0.07109973,49.68939596,0.01,1.0,11.12216332,2.83217298,0.23751519,23.0417,6.0,43.39923116,86.608,"20180628 09:20:18.728468","20180628 09:19:52.000000",1
216,0.07114738,0.16216372,0.0710001,0.07096778,0.07094943,0.07086496,0.07086495,0.07105089,0.07105115,0.07106999,0.07107,0.07107538,49.68939596,0.01,1.0,11.12216332,2.83217298,7.74868434,0.23751519,92.451,23.0417,6.0,"20180628 09:20:18.902394","20180628 09:19:52.000000",1
1,0.0,0.0,0.0710001,0.07096778,0.07094943,0.07086496,0.07086495,0.07105089,0.07105115,0.07106999,0.07107,0.07107538,49.68939596,0.01,1.0,11.12216332,2.83217298,7.74868434,0.23751519,92.451,23.0417,6.0,"20180628 09:20:19.160061","20000101 00:00:00.000000",1
221,0.07114738,0.16216372,0.0710001,0.07096778,0.07094943,0.07086496,0.07086495,0.07105089,0.07105115,0.07106999,0.07107,0.07107538,49.68939596,0.01,1.0,0.01016332,2.83217298,7.74868434,0.23751519,92.451,23.0417,6.0,"20180628 09:20:19.438537","20180628 09:19:52.000000",1
11,0.0,0.0,0.0710001,0.07096778,0.07094943,0.07086496,0.07086495,0.07105089,0.07105115,0.071065,0.07106998,0.07106999,49.68939596,0.01,1.0,3.40016332,2.83217298,7.74868434,0.23751519,23.0067,43.39923096,92.451,"20180628 09:20:20.574561","20000101 00:00:00.000000",1
217,0.07114738,0.16216372,0.0710001,0.07096778,0.07094943,0.07086496,0.07086495,0.07105089,0.07105115,0.071065,0.07106998,0.07106999,49.68939596,0.01,1.0,3.40016332,2.83217298,7.74868434,0.23751519,23.0067,43.39923096,92.451,"20180628 09:20:20.697918","20180628 09:19:52.000000",1
2,0.0,0.0,0.0710001,0.07096778,0.07094943,0.07086496,0.07086495,0.07105089,0.07105115,0.071065,0.07106998,0.07107538,49.68939596,0.01,1.0,3.40016332,2.83217298,7.74868434,0.23751519,23.0067,43.39923096,6.0,"20180628 09:20:20.980749","20000101 00:00:00.000000",1
222,0.07114738,0.16216372,0.0710001,0.07096778,0.07094943,0.07086496,0.07086495,0.07105089,0.07105115,0.071065,0.07106998,0.07107538,49.68939596,0.01,1.0,3.40016332,2.83217298,7.74868434,0.23751519,23.0067,43.39923096,6.0,"20180628 09:20:21.734021","20180628 09:19:52.000000",1
12,0.0,0.0,0.0710001,0.07096778,0.07094943,0.07086496,0.07086495,0.07105089,0.07105115,0.071065,0.07106998,0.07107538,49.68939596,0.01,1.0,3.40016332,2.83217298,7.74868434,0.23751519,23.0067,43.39923096,6.0,"20180628 09:20:22.366386","20000101 00:00:00.000000",1
218,0.07114738,0.16216372,0.0710001,0.07096778,0.07094943,0.07086496,0.07086495,0.07105089,0.07105115,0.071065,0.07106998,0.07107538,49.68939596,0.01,1.0,3.40016332,2.83217298,7.74868434,0.23751519,23.0067,43.39923096,6.0,"20180628 09:20:22.511130","20180628 09:19:52.000000",1
223,0.07114738,0.16216372,0.0710001,0.07096778,0.07094943,0.07086496,0.07086495,0.07105089,0.07105115,0.071065,0.07107538,0.07109606,49.68939596,0.01,1.0,3.40016332,2.83217298,7.74868434,0.23751519,23.0067,6.0,7.24745797,"20180628 09:20:23.513639","20180628 09:19:52.000000",1
219,0.07114738,0.16216372,0.0710001,0.07096778,0.07094943,0.07086496,0.07086495,0.071045,0.07105089,0.07105115,0.07107538,0.07109606,49.68939596,0.01,1.0,3.40016332,2.83217298,22.9156,7.74868434,0.23751519,6.0,7.24745797,"20180628 09:20:24.310800","20180628 09:19:52.000000",1
3,0.0,0.0,0.0710001,0.07096778,0.07094943,0.07086496,0.07086495,0.07105089,0.07105115,0.071065,0.07107538,0.07109606,49.68939596,0.01,1.0,3.40016332,2.83217298,7.74868434,0.23751519,23.0067,6.0,7.24745797,"20180628 09:20:24.567550","20000101 00:00:00.000000",1
13,0.0,0.0,0.0710001,0.07096778,0.07094943,0.07086496,0.07086495,0.071045,0.07105089,0.07105115,0.07107538,0.07109606,49.68939596,0.01,1.0,3.40016332,2.83217298,22.9156,7.74868434,0.23751519,6.0,7.24745797,"20180628 09:20:25.026782","20000101 00:00:00.000000",1
224,0.07114738,0.16216372,0.0710001,0.07096778,0.07094943,0.07086496,0.07086495,0.071045,0.07105089,0.07105115,0.07107538,0.07109606,49.68939596,0.01,1.0,3.40016332,2.83217298,22.9156,7.74868434,0.23751519,6.0,7.24745797,"20180628 09:20:25.804244","20180628 09:19:52.000000",1
4,0.0,0.0,0.0710001,0.07096778,0.07094943,0.07086496,0.07086495,0.071045,0.07105089,0.07105115,0.07107538,0.07109606,49.68939596,0.01,1.0,3.40016332,2.83217298,22.9156,7.74868434,0.23751519,6.0,7.24745797,"20180628 09:20:26.366818","20000101 00:00:00.000000",1
39,0.07114738,0.16216372,0.0710001,0.07096778,0.07094943,0.07086496,0.07086495,0.07104474,0.071045,0.07105115,0.07107538,0.07109606,49.68939596,0.01,1.0,3.40016332,2.83217298,7.74868434,22.9156,0.23751519,6.0,7.24745797,"20180628 09:20:26.739381","20180628 09:19:52.000000",1
14,0.0,0.0,0.0710001,0.07096778,0.07094943,0.07086496,0.07086495,0.07104474,0.071045,0.07105115,0.07107538,0.07109606,49.68939596,0.01,1.0,3.40016332,2.83217298,7.74868434,22.9156,0.23751519,6.0,7.24745797,"20180628 09:20:26.852548","20000101 00:00:00.000000",1
225,0.07114738,0.16216372,0.0710001,0.07096778,0.07094943,0.07086496,0.07086495,0.07104474,0.071045,0.07105115,0.07107538,0.07109606,49.68939596,0.01,1.0,3.40016332,2.83217298,7.74868434,22.9156,0.23751519,6.0,7.24745797,"20180628 09:20:27.594219","20180628 09:19:52.000000",1
220,0.07114738,0.16216372,0.0710001,0.07096778,0.07094943,0.07086496,0.07086495,0.07104474,0.071045,0.07105115,0.07107538,0.07109606,49.68939596,0.01,1.0,3.40016332,2.83217298,7.74868434,22.9156,0.23751519,6.0,7.24745797,"20180628 09:20:27.952644","20180628 09:19:52.000000",1
15,0.0,0.0,0.0710001,0.07096778,0.07094943,0.07086496,0.07086495,0.07104474,0.07104499,0.07105115,0.07107538,0.07111576,49.68939596,0.01,1.0,3.40016332,2.83217298,7.74868434,43.39922608,0.23751519,6.0,6.9,"20180628 09:20:28.651004","20000101 00:00:00.000000",1
40,0.07114738,0.16216372,0.0710001,0.07096778,0.07094943,0.07086496,0.07086495,0.071035,0.07104474,0.07104499,0.07105115,0.07106001,49.68939596,0.01,1.0,3.40016332,2.83217298,23.0031,7.74868434,43.39922608,0.23751519,7.24745797,"20180628 09:20:28.973972","20180628 09:19:52.000000",1
226,0.07114738,0.16216372,0.0710001,0.07096778,0.07094943,0.07086496,0.07086495,0.071035,0.07104474,0.07104499,0.07105115,0.07106001,49.68939596,0.01,1.0,3.40016332,2.83217298,23.0031,7.74868434,43.39922608,0.23751519,7.24745797,"20180628 09:20:29.392895","20180628 09:19:52.000000",1
221,0.07114738,0.16216372,0.0710001,0.07096778,0.07094943,0.07086496,0.07086495,0.071035,0.07104474,0.07104499,0.07105115,0.07106001,49.68939596,0.01,1.0,3.40016332,2.83217298,23.0031,7.74868434,43.39922608,0.23751519,7.24745797,"20180628 09:20:29.754592","20180628 09:19:52.000000",1
16,0.0,0.0,0.0710001,0.07096778,0.07094943,0.07086496,0.07086495,0.071035,0.07104474,0.07104499,0.07105115,0.07106001,49.68939596,0.01,1.0,3.40016332,2.83217298,23.0031,7.74868434,43.39922608,0.23751519,7.24745797,"20180628 09:20:30.431830","20000101 00:00:00.000000",1
41,0.07114738,0.16216372,0.0710001,0.07096778,0.07094943,0.07086496,0.07086495,0.07103499,0.071035,0.07104474,0.07105115,0.07106001,49.68939596,0.01,1.0,3.40016332,2.83217298,43.39921834,23.0031,7.74868434,0.23751519,7.24745797,"20180628 09:20:30.790750","20180628 09:19:52.000000",1
222,0.07114738,0.16216372,0.0710001,0.07096778,0.07094943,0.07086496,0.07086495,0.07103499,0.071035,0.07104474,0.07105115,0.07106001,49.68939596,0.01,1.0,3.40016332,2.83217298,43.39921834,23.0031,7.74868434,0.23751519,7.24745797,"20180628 09:20:31.544723","20180628 09:19:52.000000",1
17,0.0,0.0,0.0710001,0.07096778,0.07094943,0.07086496,0.07086495,0.07103499,0.071035,0.07104474,0.07105115,0.07106001,49.68939596,0.01,1.0,3.40016332,2.83217298,43.39921834,23.0031,7.74868434,0.23751519,7.24745797,"20180628 09:20:32.218104","20000101 00:00:00.000000",1
5,0.0,0.0,0.0710001,0.07096778,0.07094943,0.07086496,0.07086495,0.07103499,0.071035,0.07104474,0.07105115,0.07106001,49.68939596,0.01,1.0,3.40016332,2.83217298,43.39921834,23.0031,7.74868434,0.23751519,7.24745797,"20180628 09:20:34.385202","20000101 00:00:00.000000",1
18,0.0,0.0,0.0710001,0.07096778,0.07094943,0.07086496,0.07086495,0.07103473,0.07103499,0.071035,0.07105115,0.07106001,49.68939596,0.01,1.0,3.40016332,2.83217298,7.74868434,43.39921834,23.0031,0.23751519,7.24745797,"20180628 09:20:35.838336","20000101 00:00:00.000000",1
42,0.07114738,0.16216372,0.0710001,0.07096778,0.07094943,0.07086496,0.07086495,0.07103473,0.07103499,0.071035,0.07105115,0.07106001,49.68939596,0.01,1.0,3.40016332,2.83217298,7.74868434,43.39921834,23.0031,0.23751519,7.24745797,"20180628 09:20:36.269766","20180628 09:19:52.000000",1
6,0.0,0.0,0.0710001,0.07096778,0.07094943,0.07086496,0.07086495,0.07103473,0.07103499,0.071035,0.07105115,0.07106,49.68939596,0.01,1.0,3.40016332,2.83217298,7.74868434,43.39921834,23.0031,0.23751519,100.747,"20180628 09:20:36.605544","20000101 00:00:00.000000",1
223,0.07114738,0.16216372,0.0710001,0.07096778,0.07094943,0.07086496,0.07086495,0.07103473,0.07103499,0.071035,0.07105115,0.07106,49.68939596,0.01,1.0,3.40016332,2.83217298,7.74868434,43.39921834,23.0031,0.23751519,100.747,"20180628 09:20:36.951800","20180628 09:19:52.000000",1
19,0.0,0.0,0.0710001,0.07096778,0.07094943,0.07086496,0.07086495,0.07103473,0.07103499,0.07105115,0.07106,0.07106001,49.68939596,0.01,1.0,3.40016332,2.83217298,7.74868434,43.39921834,0.23751519,100.747,7.24745797,"20180628 09:20:37.653866","20000101 00:00:00.000000",1
43,0.07114738,0.16216372,0.0710001,0.07096778,0.07094943,0.07086496,0.07086495,0.07103473,0.07103499,0.071035,0.07105115,0.07106,49.68939596,0.01,1.0,3.40016332,2.83217298,7.74868434,43.39921834,23.0031,0.23751519,100.747,"20180628 09:20:38.056352","20180628 09:19:52.000000",1
7,0.0,0.0,0.0710001,0.07096778,0.07094943,0.07086496,0.07086495,0.071025,0.07103473,0.07105115,0.07106,0.07106001,49.68939596,0.01,1.0,3.40016332,2.83217298,22.9104,7.74868434,0.23751519,100.747,7.24745797,"20180628 09:20:38.443956","20000101 00:00:00.000000",1
224,0.07114738,0.16216372,0.0710001,0.07096778,0.07094943,0.07086496,0.07086495,0.071025,0.07103473,0.07105115,0.07106,0.07106001,49.68939596,0.01,1.0,3.40016332,2.83217298,22.9104,7.74868434,0.23751519,100.747,7.24745797,"20180628 09:20:39.194052","20180628 09:19:52.000000",1
20,0.0,0.0,0.0710001,0.07096778,0.07094943,0.07086496,0.07086495,0.071025,0.07103473,0.07105115,0.07106,0.07106001,49.68939596,0.01,1.0,3.40016332,2.83217298,22.9104,7.74868434,0.23751519,100.747,7.24745797,"20180628 09:20:39.558912","20000101 00:00:00.000000",1
44,0.07114738,0.16216372,0.0710001,0.07096778,0.07094943,0.07086496,0.07086495,0.071025,0.07103473,0.07105115,0.07106,0.07106001,49.68939596,0.01,1.0,3.40016332,2.83217298,22.9104,7.74868434,0.23751519,100.747,7.24745797,"20180628 09:20:39.844444","20180628 09:19:52.000000",1
8,0.0,0.0,0.0710001,0.07096778,0.07094943,0.07086496,0.07086495,0.07103473,0.07105115,0.07106,0.07106001,0.07107538,49.68939596,0.01,1.0,3.40016332,2.83217298,7.74868434,0.23751519,100.747,7.24745797,6.0,"20180628 09:20:40.236930","20000101 00:00:00.000000",1
227,0.07114738,0.16216372,0.0710001,0.07096778,0.07094943,0.07086496,0.07086495,0.071025,0.07103473,0.07105115,0.07106,0.07106001,49.68939596,0.01,1.0,3.40016332,2.83217298,22.9104,7.74868434,0.23751519,100.747,7.24745797,"20180628 09:20:40.427981","20180628 09:19:52.000000",1
21,0.0,0.0,0.0710001,0.07096778,0.07094943,0.07086496,0.07086495,0.07103473,0.07105115,0.07106,0.07106001,0.07107538,49.68939596,0.01,1.0,3.40016332,2.83217298,7.74868434,0.23751519,100.747,7.24745797,6.0,"20180628 09:20:41.384460","20000101 00:00:00.000000",1
225,0.07114738,0.16216372,0.0710001,0.07096778,0.07094943,0.07086496,0.07086495,0.07103473,0.07105115,0.071055,0.07106,0.07106001,49.68939596,0.01,1.0,3.40016332,2.83217298,7.74868434,0.23751519,22.967,100.747,7.24745797,"20180628 09:20:41.410393","20180628 09:19:52.000000",1
45,0.07114738,0.16216372,0.0710001,0.07096778,0.07094943,0.07086496,0.07086495,0.07103473,0.07105115,0.071055,0.07106,0.07106001,49.68939596,0.01,1.0,3.40016332,2.83217298,7.74868434,0.23751519,22.967,100.747,7.24745797,"20180628 09:20:42.020551","20180628 09:19:52.000000",1
9,0.0,0.0,0.0710001,0.07096778,0.07094943,0.07086496,0.07086495,0.07103473,0.07105115,0.071055,0.07106,0.07106001,49.68939596,0.01,1.0,3.40016332,2.83217298,7.74868434,0.23751519,22.967,100.747,7.24745797,"20180628 09:20:42.060886","20000101 00:00:00.000000",1
228,0.07114738,0.16216372,0.0710001,0.07096778,0.07094943,0.07086496,0.07086495,0.07103473,0.07105115,0.071055,0.07106,0.07106001,49.68939596,0.01,1.0,3.40016332,2.83217298,7.74868434,0.23751519,22.967,100.747,7.24745797,"20180628 09:20:42.241900","20180628 09:19:52.000000",1
22,0.0,0.0,0.0710001,0.07096778,0.07094943,0.07086496,0.07086495,0.07103473,0.07105115,0.071055,0.07106,0.07106001,49.68939596,0.01,1.0,3.39,2.83217298,7.74868434,0.23751519,22.967,100.747,7.24745797,"20180628 09:20:43.606259","20000101 00:00:00.000000",1
226,0.07114738,0.16216372,0.0710001,0.07096778,0.07094943,0.07086496,0.07086495,0.07103473,0.07105115,0.071055,0.07106,0.07106001,49.68939596,0.01,1.0,3.39,2.83217298,7.74868434,0.23751519,22.967,100.747,7.24745797,"20180628 09:20:45.037623","20180628 09:19:52.000000",1
10,0.0,0.0,0.0710001,0.07096778,0.07094943,0.07086496,0.07086495,0.07103473,0.07105115,0.07105499,0.071055,0.07106,49.68939596,0.01,1.0,3.39,2.83217298,7.74868434,0.23751519,98.346,22.967,100.747,"20180628 09:20:45.667588","20000101 00:00:00.000000",1
229,0.07114738,0.16216372,0.0710001,0.07096778,0.07094943,0.07086496,0.07086495,0.07103473,0.07105115,0.07105499,0.071055,0.07106001,49.68939596,0.01,1.0,3.39,2.83217298,7.74868434,0.23751519,98.346,22.967,7.24745797,"20180628 09:20:45.873060","20180628 09:19:52.000000",1
46,0.07114738,0.16216372,0.0710001,0.07096778,0.07094943,0.07086496,0.07086495,0.07105089,0.07105115,0.07105499,0.071055,0.07106001,49.68939596,0.01,1.0,3.39,2.83217298,7.74868434,0.23751519,98.346,22.967,7.24745797,"20180628 09:20:45.980741","20180628 09:19:52.000000",1
227,0.07114738,0.16216372,0.0710001,0.07096778,0.07094943,0.07086496,0.07086495,0.071045,0.07105089,0.07105115,0.07105499,0.07106001,49.68939596,0.01,1.0,3.39,2.83217298,22.9543,7.74868434,0.23751519,98.346,7.24745797,"20180628 09:20:47.237636","20180628 09:19:52.000000",1
11,0.0,0.0,0.0710001,0.07096778,0.07094943,0.07086496,0.07086495,0.071045,0.07105089,0.07105115,0.07105499,0.07106001,49.68939596,0.01,1.0,3.39,2.83217298,22.9543,7.74868434,0.23751519,98.346,7.24745797,"20180628 09:20:47.476435","20000101 00:00:00.000000",1
230,0.07114738,0.16216372,0.0710001,0.07096778,0.07094943,0.07086496,0.07086495,0.071045,0.07105089,0.07105115,0.07105499,0.07106001,49.68939596,0.01,1.0,3.39,2.83217298,22.9543,7.74868434,0.23751519,98.346,7.24745797,"20180628 09:20:47.660577","20180628 09:19:52.000000",1
47,0.07114738,0.16216372,0.0710001,0.07096778,0.07094943,0.07086496,0.07086495,0.071045,0.07105089,0.07105115,0.07105499,0.07106001,49.68939596,0.01,1.0,3.39,2.83217298,22.9543,7.74868434,0.23751519,98.346,7.24745797,"20180628 09:20:47.797285","20180628 09:19:52.000000",1
12,0.0,0.0,0.0710001,0.07096778,0.07094943,0.07086496,0.07086495,0.07103796,0.071045,0.07105089,0.07105115,0.07105499,49.68939596,0.01,1.0,3.39,2.83217298,3.0,22.9543,7.74868434,0.23751519,98.346,"20180628 09:20:49.295515","20000101 00:00:00.000000",1
231,0.07114738,0.16216372,0.0710001,0.07096778,0.07094943,0.07086496,0.07086495,0.07103796,0.071045,0.07105089,0.07105115,0.07105499,49.68939596,0.01,1.0,3.39,2.83217298,3.0,22.9543,7.74868434,0.23751519,98.346,"20180628 09:20:49.444231","20180628 09:19:52.000000",1
228,0.07114738,0.16216372,0.0710001,0.07096778,0.07094943,0.07086496,0.07086495,0.07103796,0.071045,0.07105089,0.07105115,0.07105499,49.68939596,0.01,1.0,3.39,2.83217298,3.0,22.9543,7.74868434,0.23751519,98.346,"20180628 09:20:49.458307","20180628 09:19:52.000000",1
48,0.07114738,0.16216372,0.0710001,0.07096778,0.07094943,0.07086496,0.07086495,0.07103796,0.07104499,0.071045,0.07105089,0.07105115,49.68939596,0.01,1.0,3.39,2.83217298,3.0,43.39922069,22.9543,7.74868434,0.23751519,"20180628 09:20:50.021172","20180628 09:19:52.000000",1
13,0.0,0.0,0.0710001,0.07096778,0.07094943,0.07086496,0.07086495,0.07103796,0.07104499,0.071045,0.07105089,0.07105115,49.68939596,0.01,1.0,3.39,2.83217298,3.0,43.39922069,22.9543,7.74868434,0.23751519,"20180628 09:20:51.088957","20000101 00:00:00.000000",1
229,0.07114738,0.16216372,0.0710001,0.07096778,0.07094943,0.07086496,0.07086495,0.07103796,0.07104499,0.071045,0.07105089,0.07105115,49.68939596,0.01,1.0,3.39,2.83217298,3.0,43.39922069,22.9543,7.74868434,0.23751519,"20180628 09:20:51.235329","20180628 09:19:52.000000",1
232,0.07114738,0.16216372,0.0710001,0.07096778,0.07094943,0.07086496,0.07086495,0.07103796,0.07104499,0.071045,0.07105089,0.07105115,49.68939596,0.01,1.0,3.39,2.83217298,3.0,43.39922069,22.9543,7.74868434,0.23751519,"20180628 09:20:51.257520","20180628 09:19:52.000000",1
23,0.0,0.0,0.0710001,0.07096778,0.07094943,0.07086496,0.07086495,0.07103796,0.07104499,0.071045,0.07105089,0.07105115,49.68939596,0.01,1.0,3.39,2.83217298,3.0,43.39922069,22.9543,7.74868434,0.23751519,"20180628 09:20:52.477801","20000101 00:00:00.000000",1
14,0.0,0.0,0.0710001,0.07096778,0.07094943,0.07086496,0.07086495,0.07103796,0.07104,0.07104499,0.07105089,0.07105115,49.68939596,0.01,1.0,3.39,2.83217298,3.0,22.9877,43.39922069,7.74868434,0.23751519,"20180628 09:20:52.911894","20000101 00:00:00.000000",1
230,0.07114738,0.16216372,0.0710001,0.07096778,0.07094943,0.07086496,0.07086495,0.07103796,0.07104,0.07104499,0.07105089,0.07105115,49.68939596,0.01,1.0,3.39,2.83217298,3.0,22.9877,43.39922069,7.74868434,0.23751519,"20180628 09:20:53.023169","20180628 09:19:52.000000",1
233,0.07114738,0.16216372,0.0710001,0.07096778,0.07094943,0.07086496,0.07086495,0.07103796,0.07104,0.07104499,0.07105089,0.07105115,49.68939596,0.01,1.0,3.39,2.83217298,3.0,22.9877,43.39922069,7.74868434,0.23751519,"20180628 09:20:53.082954","20180628 09:19:52.000000",1
49,0.07114738,0.16216372,0.0710001,0.07096778,0.07094943,0.07086496,0.07086495,0.07103796,0.07104,0.07104499,0.07105089,0.07105115,49.68939596,0.01,1.0,3.39,2.83217298,3.0,22.9877,43.39922069,7.74868434,0.23751519,"20180628 09:20:54.131187","20180628 09:19:52.000000",1
24,0.0,0.0,0.0710001,0.07096778,0.07094943,0.07086496,0.07086495,0.07103796,0.07104,0.07104499,0.07105089,0.07105115,49.68939596,0.01,1.0,3.39,2.83217298,3.0,22.9877,43.39922069,7.74868434,0.23751519,"20180628 09:20:54.264298","20000101 00:00:00.000000",1
15,0.0,0.0,0.0710001,0.07096778,0.07094943,0.07086496,0.07086495,0.07103796,0.07103999,0.07104,0.07105089,0.07105115,49.68939596,0.01,1.0,3.39,2.83217298,3.0,43.39922069,22.9877,7.74868434,0.23751519,"20180628 09:20:54.725652","20000101 00:00:00.000000",1
231,0.07114738,0.16216372,0.0710001,0.07096778,0.07094943,0.07086496,0.07086495,0.0710377,0.07103796,0.07103999,0.07104,0.07105115,49.68939596,0.01,1.0,3.39,2.83217298,7.74868434,3.0,43.39922069,22.9877,0.23751519,"20180628 09:20:54.832752","20180628 09:19:52.000000",1
234,0.07114738,0.16216372,0.0710001,0.07096778,0.07094943,0.07086496,0.07086495,0.0710377,0.07103796,0.07103999,0.07104,0.07105115,49.68939596,0.01,1.0,3.39,2.83217298,7.74868434,3.0,43.39922069,22.9877,0.23751519,"20180628 09:20:54.889508","20180628 09:19:52.000000",1
25,0.0,0.0,0.0710001,0.07096778,0.07094943,0.07086496,0.07086495,0.071035,0.0710377,0.07103796,0.07103999,0.07105115,49.68939596,0.01,1.0,3.39,2.83217298,23.0456,7.74868434,3.0,43.39922069,0.23751519,"20180628 09:20:56.045497","20000101 00:00:00.000000",1
16,0.0,0.0,0.0710001,0.07096778,0.07094943,0.07086496,0.07086495,0.0710377,0.07103796,0.07103999,0.07105115,0.07105499,49.68939596,0.01,1.0,3.39,2.83217298,7.74868434,3.0,43.39922069,0.23751519,98.346,"20180628 09:20:56.518643","20000101 00:00:00.000000",1
232,0.07114738,0.16216372,0.0710001,0.07096778,0.07094943,0.07086496,0.07086495,0.071035,0.0710377,0.07103796,0.07103999,0.07105115,49.68939596,0.01,1.0,3.39,2.83217298,23.0456,7.74868434,3.0,43.39922069,0.23751519,"20180628 09:20:56.637249","20180628 09:19:52.000000",1
235,0.07114738,0.16216372,0.0710001,0.07096778,0.07094943,0.07086495,0.07084001,0.071035,0.0710377,0.07103796,0.07103999,0.07105115,49.68939596,0.01,1.0,2.83217298,0.01016332,23.0456,7.74868434,3.0,43.39922069,0.23751519,"20180628 09:20:56.739035","20180628 09:19:52.000000",1
50,0.07114738,0.16216372,0.0710001,0.07096778,0.07094943,0.07086495,0.07084001,0.071035,0.0710377,0.07103796,0.07103999,0.07105115,49.68939596,0.01,1.0,2.83217298,0.01016332,23.0456,7.74868434,3.0,43.39922069,0.23751519,"20180628 09:20:56.925275","20180628 09:19:52.000000",1
26,0.0,0.0,0.0710001,0.07096778,0.07094943,0.07086496,0.07086495,0.071035,0.0710377,0.07103796,0.07103999,0.07105115,49.68939596,0.01,1.0,3.246,2.83217298,23.0456,7.74868434,3.0,43.39922069,0.23751519,"20180628 09:20:57.838798","20000101 00:00:00.000000",1
236,0.07114738,0.16216372,0.0710001,0.07096778,0.07094943,0.07086496,0.07086495,0.07103499,0.071035,0.0710377,0.07103796,0.07105115,49.68939596,0.01,1.0,3.246,2.83217298,43.39921834,23.0456,7.74868434,3.0,0.23751519,"20180628 09:20:58.525003","20180628 09:19:52.000000",1
51,0.07114738,0.16216372,0.0710001,0.07096778,0.07094943,0.07086496,0.07086495,0.07103499,0.071035,0.0710377,0.07103796,0.07105115,49.68939596,0.01,1.0,3.246,2.83217298,43.39921834,23.0456,7.74868434,3.0,0.23751519,"20180628 09:20:58.709437","20180628 09:19:52.000000",1
17,0.0,0.0,0.0710001,0.07096778,0.07094943,0.07086496,0.07086495,0.07103499,0.071035,0.0710377,0.07103796,0.07105115,49.68939596,0.01,1.0,3.246,2.83217298,43.39921834,23.0456,7.74868434,3.0,0.23751519,"20180628 09:20:58.737335","20000101 00:00:00.000000",1
233,0.07114738,0.16216372,0.0710001,0.07096778,0.07094943,0.07086496,0.07086495,0.07103499,0.071035,0.0710377,0.07103796,0.07105115,49.68939596,0.01,1.0,3.246,2.83217298,43.39921834,23.0456,7.74868434,3.0,0.23751519,"20180628 09:20:58.810715","20180628 09:19:52.000000",1
52,0.07114738,0.16216372,0.0710001,0.07096778,0.07094943,0.07086495,0.07084001,0.07103499,0.071035,0.0710377,0.07103796,0.07105115,49.68939596,0.01,1.0,2.83217298,0.01016332,43.39921834,23.0456,7.74868434,3.0,0.23751519,"20180628 09:21:00.492493","20180628 09:19:52.000000",1
18,0.0,0.0,0.0710001,0.07096778,0.07094943,0.07086495,0.07084001,0.07103499,0.071035,0.0710377,0.07103796,0.07105115,49.68939596,0.01,1.0,2.83217298,0.01016332,43.39921834,23.0456,7.74868434,3.0,0.23751519,"20180628 09:21:00.579861","20000101 00:00:00.000000",1
234,0.07114738,0.16216372,0.0710001,0.07096778,0.07094943,0.07086495,0.07084001,0.07103499,0.071035,0.0710377,0.07103796,0.07105115,49.68939596,0.01,1.0,2.83217298,0.01016332,43.39921834,23.0456,7.74868434,3.0,0.23751519,"20180628 09:21:00.589931","20180628 09:19:52.000000",1
27,0.0,0.0,0.0710001,0.07096778,0.07094943,0.07086495,0.07084001,0.07103499,0.071035,0.0710377,0.07103796,0.07105115,49.68939596,0.01,1.0,2.83217298,0.01016332,43.39921834,23.0456,7.74868434,3.0,0.23751519,"20180628 09:21:00.662614","20000101 00:00:00.000000",1
237,0.07114738,0.16216372,0.0710001,0.07096778,0.07094943,0.07086495,0.07084001,0.07103499,0.071035,0.0710377,0.07103796,0.07105115,49.68939596,0.01,1.0,2.83217298,0.01016332,43.39921834,23.0456,7.74868434,3.0,0.23751519,"20180628 09:21:00.761702","20180628 09:19:52.000000",1
53,0.0710001,3.4048185,0.0710001,0.07096778,0.07094943,0.07086495,0.07084001,0.07103499,0.071035,0.0710377,0.07103796,0.07105115,49.68939596,0.01,1.0,2.83217298,0.01016332,43.39921834,23.0456,7.74868434,3.0,0.23751519,"20180628 09:21:00.492493","20180628 09:21:02.000000",2
19,0.0710001,3.4048185,0.0710001,0.07096778,0.07094943,0.07086495,0.07084001,0.07103499,0.071035,0.0710377,0.07103796,0.07105115,49.68939596,0.01,1.0,2.83217298,0.01016332,43.39921834,23.0456,7.74868434,3.0,0.23751519,"20180628 09:21:00.579861","20180628 09:21:02.000000",2
235,0.07114738,0.16216372,0.0710001,0.07096778,0.07094943,0.07086495,0.07084001,0.07103497,0.07103498,0.071035,0.0710377,0.07103796,46.28457746,0.01,1.0,2.83217298,0.01016332,43.39921833,9.86454895,23.0456,7.74868434,3.0,"20180628 09:21:02.379374","20180628 09:19:52.000000",1
20,0.0710001,3.4048185,0.0710001,0.07096778,0.07094943,0.07086495,0.07084001,0.07103497,0.07103498,0.071035,0.0710377,0.07103796,46.28457746,0.01,1.0,2.83217298,0.01016332,43.39921833,9.86454895,23.0456,7.74868434,3.0,"20180628 09:21:02.387931","20180628 09:21:02.000000",1
238,0.0710001,3.4048185,0.0710001,0.07096778,0.07094943,0.07086495,0.07084001,0.07103499,0.071035,0.0710377,0.07103796,0.07105115,49.68939596,0.01,1.0,2.83217298,0.01016332,43.39921834,23.0456,7.74868434,3.0,0.23751519,"20180628 09:21:00.761702","20180628 09:21:02.000000",2
239,0.0710001,3.4048185,0.0710001,0.07096778,0.07094943,0.07086495,0.07084001,0.07103498,0.07103499,0.071035,0.0710377,0.07103796,46.28457746,0.01,1.0,2.83217298,0.01016332,9.86454895,43.39921834,23.0456,7.74868434,3.0,"20180628 09:21:02.550124","20180628 09:21:02.000000",1
28,0.0,0.0,0.0710001,0.07096778,0.07094943,0.07086495,0.07084001,0.07103473,0.07103497,0.07103498,0.071035,0.07103796,46.28457746,0.01,1.0,2.83217298,0.01016332,7.74868434,43.39921833,9.86454895,23.0456,3.0,"20180628 09:21:02.713303","20000101 00:00:00.000000",1
236,0.0710001,3.4048185,0.0710001,0.07096778,0.07094943,0.07086495,0.07084001,0.07103497,0.07103498,0.071035,0.0710377,0.07103796,46.28457746,0.01,1.0,2.83217298,0.01016332,43.39921833,9.86454895,23.0456,7.74868434,3.0,"20180628 09:21:02.379374","20180628 09:21:02.000000",2
54,0.0710001,3.4048185,0.0710001,0.07096778,0.07094943,0.07086495,0.07084001,0.07103473,0.07103497,0.07103498,0.071035,0.07103796,46.28457746,0.01,1.0,2.83217298,0.01016332,7.74868434,43.39921833,9.86454895,23.0456,3.0,"20180628 09:21:03.277244","20180628 09:21:02.000000",1
29,0.0710001,3.4048185,0.0710001,0.07096778,0.07094943,0.07086495,0.07084001,0.07103473,0.07103497,0.07103498,0.071035,0.07103796,46.28457746,0.01,1.0,2.83217298,0.01016332,7.74868434,43.39921833,9.86454895,23.0456,3.0,"20180628 09:21:02.713303","20180628 09:21:02.000000",2
237,0.0710001,3.4048185,0.0710001,0.07096778,0.07094943,0.07086495,0.07084001,0.07103473,0.07103497,0.07103498,0.07103796,0.07105115,46.28457746,0.01,1.0,2.83217298,0.01016332,7.74868434,43.39921833,9.86454895,3.0,0.23751519,"20180628 09:21:04.170869","20180628 09:21:02.000000",1
21,0.0710001,3.4048185,0.0710001,0.07096778,0.07094943,0.07086495,0.07084001,0.07103473,0.07103497,0.07103498,0.07103796,0.07105115,46.28457746,0.01,1.0,2.83217298,0.01016332,7.74868434,43.39921833,9.86454895,3.0,0.23751519,"20180628 09:21:04.407918","20180628 09:21:02.000000",1
30,0.0710001,3.4048185,0.0710001,0.07096778,0.07094943,0.07086495,0.07084001,0.07103,0.07103473,0.07103497,0.07103498,0.07103796,46.28457746,0.01,1.0,2.83217298,0.01016332,22.9164,7.74868434,43.39921833,9.86454895,3.0,"20180628 09:21:04.545215","20180628 09:21:02.000000",1
55,0.0710001,3.4048185,0.0710001,0.07096778,0.07094943,0.07086495,0.07084001,0.07103,0.07103473,0.07103497,0.07103498,0.07103796,46.28457746,0.01,1.0,2.83217298,0.01016332,22.9164,7.74868434,43.39921833,9.86454895,3.0,"20180628 09:21:05.067639","20180628 09:21:02.000000",1
240,0.0710001,3.4048185,0.0710001,0.07096778,0.07094943,0.07086495,0.07084001,0.07103,0.07103473,0.07103497,0.07103498,0.07103796,46.28457746,0.01,1.0,2.83217298,0.01016332,22.9164,7.74868434,43.39921833,9.86454895,3.0,"20180628 09:21:05.246404","20180628 09:21:02.000000",1
238,0.0710001,3.4048185,0.0710001,0.07096778,0.07094943,0.07086495,0.07084001,0.07103,0.07103473,0.07103498,0.07103796,0.07105115,46.28457746,0.01,1.0,2.83217298,0.01016332,22.9164,7.74868434,9.86454895,3.0,0.23751519,"20180628 09:21:05.980180","20180628 09:21:02.000000",1
22,0.0710001,3.4048185,0.0710001,0.07096778,0.07094943,0.07086495,0.07084001,0.07103,0.07103473,0.07103497,0.07103498,0.07103796,46.28457746,0.01,1.0,2.83217298,0.01016332,22.9164,7.74868434,43.39921833,9.86454895,3.0,"20180628 09:21:06.274620","20180628 09:21:02.000000",1
31,0.0710001,3.4048185,0.0710001,0.07096778,0.07094943,0.07086495,0.07084001,0.07103,0.07103473,0.07103498,0.07103796,0.07105115,46.28457746,0.01,1.0,2.83217298,0.01016332,22.9164,7.74868434,9.86454895,3.0,0.23751519,"20180628 09:21:06.325658","20180628 09:21:02.000000",1
241,0.0710001,3.4048185,0.0710001,0.07096778,0.07094943,0.07086495,0.07084001,0.07103,0.07103473,0.07103498,0.07103796,0.07105115,46.28457746,0.01,1.0,2.83217298,0.01016332,22.9164,7.74868434,9.86454895,3.0,0.23751519,"20180628 09:21:07.059294","20180628 09:21:02.000000",1
23,0.0710001,3.4048185,0.0710001,0.07096778,0.07094943,0.07086495,0.07084001,0.07103,0.07103473,0.07103498,0.07103796,0.07105115,46.28457746,0.01,1.0,2.83217298,0.01016332,22.9164,7.74868434,9.86454895,3.0,0.23751519,"20180628 09:21:08.072341","20180628 09:21:02.000000",1
56,0.0710001,3.4048185,0.0710001,0.07096778,0.07094943,0.07086495,0.07084001,0.07103,0.07103473,0.07103498,0.07103796,0.07105115,46.28457746,0.01,1.0,2.83217298,0.01016332,22.9164,7.74868434,9.86454895,3.0,0.23751519,"20180628 09:21:08.685872","20180628 09:21:02.000000",1
24,0.0710001,3.4048185,0.0710001,0.07096778,0.07094943,0.07086495,0.07084001,0.07103,0.07103473,0.07103498,0.07103796,0.07105115,46.28457746,0.01,1.0,2.83217298,0.01016332,22.9064,7.74868434,9.86454895,3.0,0.23751519,"20180628 09:21:09.859858","20180628 09:21:02.000000",1
32,0.0710001,3.4048185,0.0710001,0.07096778,0.07094943,0.07086495,0.07084001,0.07103,0.07103473,0.07103498,0.07103796,0.07105115,46.28457746,0.01,1.0,2.83217298,0.01016332,22.9064,7.74868434,9.86454895,3.0,0.23751519,"20180628 09:21:09.887749","20180628 09:21:02.000000",1
25,0.07103,0.01,0.0710001,0.07096778,0.07094943,0.07086495,0.07084001,0.07103,0.07103473,0.07103498,0.07103796,0.07105115,46.28457746,0.01,1.0,2.83217298,0.01016332,22.9064,7.74868434,9.86454895,3.0,0.23751519,"20180628 09:21:09.859858","20180628 09:21:10.000000",2
242,0.07103,0.01,0.0710001,0.07096778,0.07094943,0.07086495,0.07084001,0.07103,0.07103473,0.07103498,0.07103796,0.07105115,46.28457746,0.01,1.0,2.83217298,0.01016332,22.9164,7.74868434,9.86454895,3.0,0.23751519,"20180628 09:21:07.059294","20180628 09:21:10.000000",2
57,0.07103,0.01,0.0710001,0.07096778,0.07094943,0.07086495,0.07084001,0.07103,0.07103473,0.07103498,0.07103796,0.07105115,46.28457746,0.01,1.0,2.83217298,0.01016332,22.9164,7.74868434,9.86454895,3.0,0.23751519,"20180628 09:21:08.685872","20180628 09:21:10.000000",2
239,0.07103,0.01,0.0710001,0.07096778,0.07094943,0.07086495,0.07084001,0.07103,0.07103473,0.07103498,0.07103796,0.07105115,46.28457746,0.01,1.0,2.83217298,0.01016332,22.9164,7.74868434,9.86454895,3.0,0.23751519,"20180628 09:21:05.980180","20180628 09:21:10.000000",2
240,0.07103,0.01,0.0710001,0.07096778,0.07094943,0.07086495,0.07084001,0.07103,0.07103473,0.07103498,0.07103796,0.07105115,46.28457746,0.01,1.0,2.83217298,0.01016332,22.9064,7.74868434,9.86454895,3.0,0.23751519,"20180628 09:21:10.446501","20180628 09:21:10.000000",1
58,0.07103,0.01,0.0710001,0.07096778,0.07094943,0.07086495,0.07084001,0.07103,0.07103473,0.07103498,0.07103796,0.07105115,46.28457746,0.01,1.0,2.83217298,0.01016332,22.9064,7.74868434,9.86454895,3.0,0.23751519,"20180628 09:21:10.473107","20180628 09:21:10.000000",1
243,0.07103,0.01,0.0710001,0.07096778,0.07094943,0.07086495,0.07084001,0.07103,0.07103473,0.07103498,0.07103796,0.07105115,46.28457746,0.01,1.0,2.83217298,0.01016332,22.9064,7.74868434,9.86454895,3.0,0.23751519,"20180628 09:21:10.593597","20180628 09:21:10.000000",1
33,0.07103,0.01,0.0710001,0.07096778,0.07094943,0.07086495,0.07084001,0.07103,0.07103473,0.07103498,0.07103796,0.07105115,46.28457746,0.01,1.0,2.83217298,0.01016332,22.9064,7.74868434,9.86454895,3.0,0.23751519,"20180628 09:21:09.887749","20180628 09:21:10.000000",2
34,0.07103,0.01,0.0710001,0.07096778,0.07094943,0.07086495,0.07084001,0.07102974,0.07103,0.07103498,0.07103796,0.07105115,46.28457746,0.01,1.0,2.83217298,0.01016332,7.74868434,22.9064,9.86454895,3.0,0.23751519,"20180628 09:21:11.675948","20180628 09:21:10.000000",1
59,0.07103,0.01,0.0710001,0.07096778,0.07094943,0.07086495,0.07084001,0.07102974,0.07103,0.07103498,0.07103796,0.07105115,46.28457746,0.01,1.0,2.83217298,0.01016332,7.74868434,22.9064,9.86454895,3.0,0.23751519,"20180628 09:21:12.285434","20180628 09:21:10.000000",1
244,0.07103,0.01,0.0710001,0.07096778,0.07094943,0.07086495,0.07084001,0.07102974,0.07103,0.07103498,0.07103796,0.07105115,46.28457746,0.01,1.0,2.83217298,0.01016332,7.74868434,22.9064,9.86454895,3.0,0.23751519,"20180628 09:21:12.362406","20180628 09:21:10.000000",1
35,0.07103,0.01,0.0710001,0.07096778,0.07094943,0.07086495,0.07084001,0.071025,0.07102974,0.07103,0.07103498,0.07103796,46.28457746,0.01,1.0,2.83217298,0.01016332,23.0335,7.74868434,22.9064,9.86454895,3.0,"20180628 09:21:13.453840","20180628 09:21:10.000000",1
60,0.0710001,0.00072619,0.0710001,0.07096778,0.07094943,0.07086495,0.07084001,0.07102974,0.07103,0.07103498,0.07103796,0.07105115,46.28457746,0.01,1.0,2.83217298,0.01016332,7.74868434,22.9064,9.86454895,3.0,0.23751519,"20180628 09:21:12.285434","20180628 09:21:15.000000",2
241,0.0710001,0.00072619,0.0710001,0.07096778,0.07094943,0.07086495,0.07084001,0.07103,0.07103473,0.07103498,0.07103796,0.07105115,46.28457746,0.01,1.0,2.83217298,0.01016332,22.9064,7.74868434,9.86454895,3.0,0.23751519,"20180628 09:21:10.446501","20180628 09:21:15.000000",2
61,0.0710001,0.00072619,0.0710001,0.07096778,0.07094943,0.07086495,0.07084001,0.07102499,0.071025,0.07102974,0.07103498,0.07103796,46.28385127,0.01,1.0,2.83217298,0.01016332,43.3992104,23.0335,7.74868434,9.86454895,3.0,"20180628 09:21:14.079944","20180628 09:21:15.000000",1
245,0.07103,0.01,0.0710001,0.07096778,0.07094943,0.07086495,0.07084001,0.07102499,0.071025,0.07102974,0.07103498,0.07103796,46.28385127,0.01,1.0,2.83217298,0.01016332,43.3992104,23.0335,7.74868434,9.86454895,3.0,"20180628 09:21:14.115579","20180628 09:21:10.000000",1
36,0.0710001,0.00072619,0.0710001,0.07096778,0.07094943,0.07086495,0.07084001,0.071025,0.07102974,0.07103,0.07103498,0.07103796,46.28457746,0.01,1.0,2.83217298,0.01016332,23.0335,7.74868434,22.9064,9.86454895,3.0,"20180628 09:21:13.453840","20180628 09:21:15.000000",2
37,0.0710001,0.00072619,0.0710001,0.07096778,0.07094943,0.07086495,0.07084001,0.07102499,0.071025,0.07102974,0.07103498,0.07103796,46.28385127,0.01,1.0,2.83217298,0.01016332,43.3992104,23.0335,7.74868434,9.86454895,3.0,"20180628 09:21:15.239683","20180628 09:21:15.000000",1
246,0.0710001,0.00072619,0.0710001,0.07096778,0.07094943,0.07086495,0.07084001,0.07102499,0.071025,0.07102974,0.07103498,0.07103796,46.28385127,0.01,1.0,2.83217298,0.01016332,43.3992104,23.0335,7.74868434,9.86454895,3.0,"20180628 09:21:14.115579","20180628 09:21:15.000000",2
26,0.0710001,0.00072619,0.0710001,0.07096778,0.07094943,0.07086495,0.07084001,0.07103,0.07103473,0.07103498,0.07103796,0.07105115,46.28457746,0.01,1.0,2.83217298,0.01016332,22.9064,7.74868434,9.86454895,3.0,0.23751519,"20180628 09:21:09.859858","20180628 09:21:15.000000",2
38,0.0710001,0.00072619,0.0710001,0.07096778,0.07094943,0.07086495,0.07084001,0.07102,0.07102499,0.07102974,0.07103498,0.07103796,46.28385127,0.01,1.0,2.83217298,0.01016332,22.9383,43.3992104,7.74868434,9.86454895,3.0,"20180628 09:21:17.075014","20180628 09:21:15.000000",1
62,0.0710001,0.00072619,0.0710001,0.07096778,0.07094943,0.07086495,0.07084001,0.07102,0.07102499,0.07102974,0.07103498,0.07103796,46.28385127,0.01,1.0,2.83217298,0.01016332,22.9383,43.3992104,7.74868434,9.86454895,3.0,"20180628 09:21:17.653241","20180628 09:21:15.000000",1
247,0.0710001,0.00072619,0.0710001,0.07096778,0.07094943,0.07086495,0.07084001,0.07102,0.07102499,0.07102974,0.07103498,0.07103796,46.28385127,0.01,1.0,2.83217298,0.01016332,22.9383,43.3992104,7.74868434,9.86454895,3.0,"20180628 09:21:17.690898","20180628 09:21:15.000000",1
27,0.0710001,0.00072619,0.0710001,0.07096778,0.07094943,0.07086495,0.07084001,0.07102,0.07102499,0.07102974,0.07103498,0.07103796,46.28385127,0.01,1.0,2.83217298,0.01016332,22.9383,43.3992104,7.74868434,9.86454895,3.0,"20180628 09:21:17.845777","20180628 09:21:15.000000",1
39,0.0710001,0.00072619,0.0710001,0.07096778,0.07094943,0.07086495,0.07084001,0.07101999,0.07102,0.07102974,0.07103498,0.07103796,46.28385127,0.01,1.0,2.83217298,0.01016332,43.39920643,22.9383,7.74868434,9.86454895,3.0,"20180628 09:21:18.859793","20180628 09:21:15.000000",1
242,0.0710001,0.0029015,0.0710001,0.07096778,0.07094943,0.07086495,0.07084001,0.07103,0.07103473,0.07103498,0.07103796,0.07105115,46.28457746,0.01,1.0,2.83217298,0.01016332,22.9064,7.74868434,9.86454895,3.0,0.23751519,"20180628 09:21:10.446501","20180628 09:21:20.000000",2
40,0.0710001,0.0029015,0.0710001,0.07096778,0.07094943,0.07086495,0.07084001,0.07101999,0.07102,0.07102974,0.07103498,0.07103796,46.28385127,0.01,1.0,2.83217298,0.01016332,43.39920643,22.9383,7.74868434,9.86454895,3.0,"20180628 09:21:18.859793","20180628 09:21:20.000000",2
63,0.0710001,0.00072619,0.0710001,0.07096778,0.07094943,0.07086495,0.07084001,0.07101999,0.07102,0.07102974,0.07103498,0.07103796,46.28094977,0.01,1.0,2.83217298,0.01016332,43.39920643,22.9383,7.74868434,9.86454895,3.0,"20180628 09:21:19.412438","20180628 09:21:15.000000",1
248,0.0710001,0.00072619,0.0710001,0.07096778,0.07094943,0.07086495,0.07084001,0.07101999,0.07102,0.07102974,0.07103498,0.07103796,46.28385127,0.01,1.0,2.83217298,0.01016332,43.39920643,22.9383,7.74868434,9.86454895,3.0,"20180628 09:21:19.510770","20180628 09:21:15.000000",1
243,0.0710001,0.0029015,0.0710001,0.07096778,0.07094943,0.07086495,0.07084001,0.07101999,0.07102,0.07102974,0.07103498,0.07103796,46.28094977,0.01,1.0,2.83217298,0.01016332,43.39920643,22.9383,7.74868434,9.86454895,3.0,"20180628 09:21:19.599534","20180628 09:21:20.000000",1
249,0.0710001,0.0029015,0.0710001,0.07096778,0.07094943,0.07086495,0.07084001,0.07101999,0.07102,0.07102974,0.07103498,0.07103796,46.28385127,0.01,1.0,2.83217298,0.01016332,43.39920643,22.9383,7.74868434,9.86454895,3.0,"20180628 09:21:19.510770","20180628 09:21:20.000000",2
64,0.0710001,0.0029015,0.0710001,0.07096778,0.07094943,0.07086495,0.07084001,0.07101999,0.07102,0.07102974,0.07103498,0.07103796,46.28094977,0.01,1.0,2.83217298,0.01016332,43.39920643,22.9383,7.74868434,9.86454895,3.0,"20180628 09:21:19.412438","20180628 09:21:20.000000",2
28,0.0710001,0.0029015,0.0710001,0.07096778,0.07094943,0.07086495,0.07084001,0.07102,0.07102499,0.07102974,0.07103498,0.07103796,46.28385127,0.01,1.0,2.83217298,0.01016332,22.9383,43.3992104,7.74868434,9.86454895,3.0,"20180628 09:21:17.845777","20180628 09:21:20.000000",2
41,0.0710001,0.0029015,0.0710001,0.07096778,0.07094943,0.07086495,0.07084001,0.07101974,0.07101999,0.071025,0.07103498,0.07103796,46.28094977,0.01,1.0,2.83217298,0.01016332,7.74868434,43.39920643,22.9766,9.86454895,3.0,"20180628 09:21:21.024291","20180628 09:21:20.000000",1
244,0.0710001,0.0029015,0.0710001,0.07096778,0.07094943,0.07086495,0.07084001,0.07101974,0.07101999,0.071025,0.07103498,0.07103796,46.28094977,0.01,1.0,2.83217298,0.01016332,7.74868434,43.39920643,22.9766,9.86454895,3.0,"20180628 09:21:21.399060","20180628 09:21:20.000000",1
65,0.0710001,0.0029015,0.0710001,0.07096778,0.07094943,0.07086495,0.07084001,0.07101974,0.07101999,0.071025,0.07103498,0.07103796,46.28094977,0.01,1.0,2.83217298,0.01016332,7.74868434,43.39920643,22.9766,9.86454895,3.0,"20180628 09:21:21.611774","20180628 09:21:20.000000",1
250,0.0710001,0.0029015,0.0710001,0.07096778,0.07094943,0.07086495,0.07084001,0.07101974,0.07101999,0.071025,0.07103498,0.07103796,46.28094977,0.01,1.0,2.83217298,0.01016332,7.74868434,43.39920643,22.9766,9.86454895,3.0,"20180628 09:21:21.909615","20180628 09:21:20.000000",1
42,0.0710001,0.0029015,0.0710001,0.07096778,0.07094943,0.07086495,0.07084001,0.071015,0.07101974,0.07101999,0.07103498,0.07103796,46.28094977,0.01,1.0,2.83217298,0.01016332,22.9552,7.74868434,43.39920643,9.86454895,3.0,"20180628 09:21:22.858767","20180628 09:21:20.000000",1
245,0.0710001,0.0029015,0.0710001,0.07096778,0.07094943,0.07086495,0.07084001,0.071015,0.07101974,0.07103498,0.07103796,0.07105115,46.28094977,0.01,1.0,2.83217298,0.01016332,22.9552,7.74868434,9.86454895,3.0,0.23751519,"20180628 09:21:23.221507","20180628 09:21:20.000000",1
251,0.0710001,0.0029015,0.0710001,0.07096778,0.07094943,0.07086495,0.07084001,0.071015,0.07101974,0.07103498,0.07103796,0.07105115,46.28094977,0.01,1.0,2.83217298,0.01016332,22.9552,7.74868434,9.86454895,3.0,0.23751519,"20180628 09:21:23.705251","20180628 09:21:20.000000",1
66,0.0710001,0.0029015,0.0710001,0.07096778,0.07094943,0.07086495,0.07084001,0.071015,0.07101974,0.07103498,0.07103796,0.07105115,46.28094977,0.01,1.0,2.83217298,0.01016332,22.9552,7.74868434,9.86454895,3.0,0.23751519,"20180628 09:21:24.411012","20180628 09:21:20.000000",1
43,0.0710001,0.0029015,0.0710001,0.07096778,0.07094943,0.07086495,0.07084001,0.071015,0.07101974,0.07103498,0.07103796,0.07105115,46.28094977,0.01,1.0,2.83217298,0.01016332,22.9552,7.74868434,9.86454895,3.0,0.23751519,"20180628 09:21:24.665058","20180628 09:21:20.000000",1
29,0.0710001,0.0029015,0.0710001,0.07096778,0.07094943,0.07086495,0.07084001,0.071015,0.07101974,0.07103498,0.07103796,0.07105115,46.28094977,0.01,1.0,2.83217298,0.01016332,22.9552,7.74868434,9.86454895,3.0,0.23751519,"20180628 09:21:25.827790","20180628 09:21:20.000000",1
44,0.0710001,0.0029015,0.0710001,0.07096778,0.07094943,0.07086495,0.07084001,0.07101974,0.07103,0.07103498,0.07103796,0.07105115,46.28094977,0.01,1.0,2.83217298,0.01016332,7.74868434,22.9937,9.86454895,3.0,0.23751519,"20180628 09:21:26.481693","20180628 09:21:20.000000",1
67,0.0710001,0.0029015,0.0710001,0.07096778,0.07094943,0.07086495,0.07084001,0.07101974,0.07103,0.07103498,0.07103796,0.07105115,46.28094977,0.01,1.0,2.83217298,0.01016332,7.74868434,22.9937,9.86454895,3.0,0.23751519,"20180628 09:21:26.580472","20180628 09:21:20.000000",1
246,0.0710001,0.0029015,0.0710001,0.07096778,0.07094943,0.07086495,0.07084001,0.07101974,0.07103,0.07103498,0.07103796,0.07105115,46.28094977,0.01,1.0,2.83217298,0.01016332,7.74868434,22.9937,9.86454895,3.0,0.23751519,"20180628 09:21:27.163706","20180628 09:21:20.000000",1
252,0.0710001,0.0029015,0.0710001,0.07096778,0.07094943,0.07086495,0.07084001,0.07101974,0.07103,0.07103498,0.07103796,0.07105115,46.28094977,0.01,1.0,2.83217298,0.01016332,7.74868434,22.9937,9.86454895,3.0,0.23751519,"20180628 09:21:27.288703","20180628 09:21:20.000000",1
30,0.0710001,0.0029015,0.0710001,0.07096778,0.07094943,0.07086496,0.07086495,0.07101974,0.07103,0.07103498,0.07103796,0.07105115,46.28094977,0.01,1.0,4.0,2.83217298,7.74868434,22.9937,9.86454895,3.0,0.23751519,"20180628 09:21:27.580328","20180628 09:21:20.000000",1
45,0.0710001,0.0029015,0.0710001,0.07096778,0.07094943,0.07086496,0.07086495,0.07101974,0.07103,0.07103498,0.07103796,0.07105115,46.28094977,0.01,1.0,4.0,2.83217298,7.74868434,22.9937,9.86454895,3.0,0.23751519,"20180628 09:21:28.264170","20180628 09:21:20.000000",1
68,0.0710001,0.0029015,0.0710001,0.07096778,0.07094943,0.07086496,0.07086495,0.07103,0.07103472,0.07103498,0.07103796,0.07105115,46.28094977,0.01,1.0,4.0,2.83217298,22.9937,7.74868434,9.86454895,3.0,0.23751519,"20180628 09:21:28.380680","20180628 09:21:20.000000",1
247,0.0710001,0.0029015,0.0710001,0.07096778,0.07094943,0.07086496,0.07086495,0.07103,0.07103472,0.07103498,0.07103796,0.07105115,46.28094977,0.01,1.0,4.0,2.83217298,22.9937,7.74868434,9.86454895,3.0,0.23751519,"20180628 09:21:28.926936","20180628 09:21:20.000000",1
253,0.0710001,0.0029015,0.0710001,0.07096778,0.07094943,0.07086496,0.07086495,0.07103,0.07103472,0.07103498,0.07103796,0.07105115,46.28094977,0.01,1.0,4.0,2.83217298,22.9937,7.74868434,9.86454895,3.0,0.23751519,"20180628 09:21:29.065926","20180628 09:21:20.000000",1
31,0.0710001,0.0029015,0.0710001,0.07096778,0.07094943,0.07086496,0.07086495,0.07103,0.07103472,0.07103498,0.07103796,0.07105115,46.28094977,0.01,1.0,4.0,2.83217298,22.9937,7.74868434,9.86454895,3.0,0.23751519,"20180628 09:21:29.378742","20180628 09:21:20.000000",1
46,0.0710001,0.0029015,0.0710001,0.07096778,0.07094943,0.07086496,0.07086495,0.07103,0.07103472,0.07103498,0.07103796,0.07105115,46.28094977,0.01,1.0,4.0,2.83217298,22.9937,7.74868434,9.86454895,3.0,0.23751519,"20180628 09:21:30.054359","20180628 09:21:20.000000",1
248,0.0710001,0.0029015,0.0710001,0.07096778,0.07094943,0.07086496,0.07086495,0.07102974,0.07103,0.07103498,0.07103796,0.07105115,46.28094977,0.01,1.0,4.0,2.83217298,7.74868434,22.9937,9.86454895,3.0,0.23751519,"20180628 09:21:39.501526","20180628 09:21:20.000000",1
69,0.0710001,0.0029015,0.0710001,0.07096778,0.07094943,0.07086496,0.07086495,0.07102974,0.07103,0.07103498,0.07103796,0.07105115,46.28094977,0.01,1.0,4.0,2.83217298,7.74868434,22.9937,9.86454895,3.0,0.23751519,"20180628 09:21:39.507613","20180628 09:21:20.000000",1
32,0.0710001,0.0029015,0.0710001,0.07096778,0.07094943,0.07086496,0.07086495,0.071025,0.07102974,0.07103498,0.07103796,0.07105115,46.28094977,0.01,1.0,4.0,2.83217298,23.025,7.74868434,9.86454895,3.0,0.23751519,"20180628 09:21:40.771733","20180628 09:21:20.000000",1
70,0.0710001,0.0029015,0.0710001,0.07096778,0.07094943,0.07086496,0.07086495,0.071025,0.07102974,0.07103498,0.07103796,0.07105115,46.28094977,0.01,1.0,4.0,2.83217298,23.025,7.74868434,9.86454895,3.0,0.23751519,"20180628 09:21:41.692748","20180628 09:21:20.000000",1
254,0.0710001,0.0029015,0.0710001,0.07096778,0.07094943,0.07086496,0.07086495,0.071025,0.07102974,0.07103498,0.07103796,0.07105115,46.28094977,0.01,1.0,4.0,2.83217298,23.025,7.74868434,9.86454895,3.0,0.23751519,"20180628 09:21:42.132842","20180628 09:21:20.000000",1
249,0.0710001,0.0029015,0.0710001,0.07096778,0.07094943,0.07086496,0.07086495,0.071025,0.07102974,0.07103498,0.07103796,0.07105115,46.28094977,0.01,1.0,4.0,2.83217298,23.025,7.74868434,9.86454895,3.0,0.23751519,"20180628 09:21:42.299952","20180628 09:21:20.000000",1
71,0.0710001,0.0029015,0.0710001,0.07096778,0.07094943,0.07086495,0.07084001,0.071025,0.07102974,0.07103498,0.07103796,0.07105115,46.28094977,0.01,1.0,2.83217298,0.01016332,23.025,7.74868434,9.86454895,3.0,0.23751519,"20180628 09:21:43.444870","20180628 09:21:20.000000",1
255,0.0710001,0.0029015,0.0710001,0.07096778,0.07094943,0.07086495,0.07084001,0.07102974,0.07103,0.07103498,0.07103796,0.07105115,46.28094977,0.01,1.0,2.83217298,0.01016332,7.74868434,22.9877,9.86454895,3.0,0.23751519,"20180628 09:21:43.919792","20180628 09:21:20.000000",1
250,0.0710001,0.0029015,0.0710001,0.07096778,0.07094943,0.07086495,0.07084001,0.07102974,0.07103,0.07103498,0.07103796,0.07105115,46.28094977,0.01,1.0,2.83217298,0.01016332,7.74868434,22.9877,9.86454895,3.0,0.23751519,"20180628 09:21:44.107179","20180628 09:21:20.000000",1
33,0.0710001,0.0029015,0.0710001,0.07096778,0.07094943,0.07086495,0.07084001,0.07102974,0.07103,0.07103498,0.07103796,0.07105115,46.28094977,0.01,1.0,2.83217298,0.01016332,7.74868434,22.9877,9.86454895,3.0,0.23751519,"20180628 09:21:44.395313","20180628 09:21:20.000000",1
47,0.0710001,0.0029015,0.0710001,0.07096778,0.07094943,0.07086495,0.07084001,0.07102974,0.07103,0.07103498,0.07103796,0.07105115,46.28094977,0.01,1.0,2.83217298,0.01016332,7.74868434,22.9877,9.86454895,3.0,0.23751519,"20180628 09:21:44.592238","20180628 09:21:20.000000",1
72,0.0710001,0.0029015,0.0710001,0.07096778,0.07094943,0.07086495,0.07084001,0.07102974,0.07103,0.07103498,0.07103796,0.07105115,46.28094977,0.01,1.0,2.83217298,0.01016332,7.74868434,22.9877,9.86454895,3.0,0.23751519,"20180628 09:21:45.244285","20180628 09:21:20.000000",1
73,0.0710001,0.0029015,0.0710001,0.07096778,0.07094943,0.07086495,0.07084001,0.071025,0.07102974,0.07103498,0.07103796,0.07105115,46.28094977,0.01,1.0,2.83217298,0.01016332,22.9681,7.74868434,9.86454895,3.0,0.23751519,"20180628 09:21:47.032252","20180628 09:21:20.000000",1
256,0.0710001,0.0029015,0.0710001,0.07096778,0.07094943,0.07086495,0.07084001,0.071025,0.07102974,0.07103498,0.07103796,0.07105115,46.28094977,0.01,1.0,2.83217298,0.01016332,22.9681,7.74868434,9.86454895,3.0,0.23751519,"20180628 09:21:47.929927","20180628 09:21:20.000000",1
251,0.0710001,0.0029015,0.0710001,0.07096778,0.07094943,0.07086495,0.07084001,0.071025,0.07102974,0.07103498,0.07103796,0.07105115,46.28094977,0.01,1.0,2.83217298,0.01016332,22.9681,7.74868434,9.86454895,3.0,0.23751519,"20180628 09:21:48.156886","20180628 09:21:20.000000",1
48,0.0710001,0.0029015,0.0710001,0.07096778,0.07094943,0.07086495,0.07084001,0.071025,0.07102974,0.07103498,0.07103796,0.07105115,46.28094977,0.01,1.0,2.83217298,0.01016332,22.9681,7.74868434,9.86454895,3.0,0.23751519,"20180628 09:21:48.175446","20180628 09:21:20.000000",1
257,0.0710001,0.0029015,0.0710001,0.07096778,0.07094943,0.07086495,0.07084001,0.07102974,0.07103498,0.07103796,0.07105115,0.07106,46.28094977,0.01,1.0,2.83217298,0.01016332,7.74868434,9.86454895,3.0,0.23751519,54.19,"20180628 09:21:49.711605","20180628 09:21:20.000000",1
49,0.0710001,0.0029015,0.0710001,0.07096778,0.07094943,0.07086495,0.07084001,0.07102974,0.07103498,0.07103796,0.07105115,0.07106,46.28094977,0.01,1.0,2.83217298,0.01016332,7.74868434,9.86454895,3.0,0.23751519,54.19,"20180628 09:21:49.945631","20180628 09:21:20.000000",1
252,0.0710001,0.0029015,0.0710001,0.07096778,0.07094943,0.07086495,0.07084001,0.07102974,0.07103498,0.07103796,0.07105115,0.07106,46.28094977,0.01,1.0,2.83217298,0.01016332,7.74868434,9.86454895,3.0,0.23751519,54.19,"20180628 09:21:49.949888","20180628 09:21:20.000000",1
74,0.0710001,0.0029015,0.0710001,0.07096778,0.07094943,0.07086496,0.07086495,0.07102474,0.07103,0.07103498,0.07103796,0.07105115,46.28094977,0.01,1.0,3.649,2.83217298,7.74868434,22.9985,9.86454895,3.0,0.23751519,"20180628 09:21:50.626313","20180628 09:21:20.000000",1
258,0.0710001,0.0029015,0.0710001,0.07096778,0.07094943,0.07086496,0.07086495,0.07102474,0.07103,0.07103498,0.07103796,0.07105115,46.28094977,0.01,1.0,3.649,2.83217298,7.74868434,22.9985,9.86454895,3.0,0.23751519,"20180628 09:21:51.465806","20180628 09:21:20.000000",1
253,0.0710001,0.0029015,0.0710001,0.07096778,0.07094943,0.07086496,0.07086495,0.07102474,0.07103,0.07103498,0.07103796,0.07105115,46.28094977,0.01,1.0,3.649,2.83217298,7.74868434,22.9985,9.86454895,3.0,0.23751519,"20180628 09:21:51.692188","20180628 09:21:20.000000",1
50,0.0710001,0.0029015,0.0710001,0.07096778,0.07094943,0.07086496,0.07086495,0.07102474,0.07103,0.07103498,0.07103796,0.07105115,46.28094977,0.01,1.0,3.649,2.83217298,7.74868434,22.9985,9.86454895,3.0,0.23751519,"20180628 09:21:51.700520","20180628 09:21:20.000000",1
34,0.0710001,0.0029015,0.0710001,0.07096778,0.07094943,0.07086496,0.07086495,0.07102474,0.07103,0.07103498,0.07103796,0.07105115,46.28094977,0.01,1.0,3.649,2.83217298,7.74868434,22.9985,9.86454895,3.0,0.23751519,"20180628 09:21:52.769979","20180628 09:21:20.000000",1
259,0.0710001,0.0029015,0.0710001,0.07096778,0.07094943,0.07086496,0.07086495,0.07100761,0.07102474,0.07103,0.07103498,0.07103796,46.28094977,0.01,1.0,3.649,2.83217298,8.0,7.74868434,22.9985,9.86454895,3.0,"20180628 09:21:53.237723","20180628 09:21:20.000000",1
51,0.0710001,0.0029015,0.0710001,0.07096778,0.07094943,0.07086496,0.07086495,0.07100761,0.07102474,0.07103,0.07103498,0.07103796,46.28094977,0.01,1.0,3.649,2.83217298,8.0,7.74868434,22.9985,9.86454895,3.0,"20180628 09:21:53.481994","20180628 09:21:20.000000",1
254,0.0710001,0.0029015,0.0710001,0.07096778,0.07094943,0.07086496,0.07086495,0.07100761,0.07102474,0.07103,0.07103498,0.07103796,46.28094977,0.01,1.0,3.649,2.83217298,8.0,7.74868434,22.9985,9.86454895,3.0,"20180628 09:21:53.505666","20180628 09:21:20.000000",1
35,0.0710001,0.0029015,0.0710001,0.07096778,0.07094943,0.07086496,0.07086495,0.07100761,0.07102474,0.07103,0.07103498,0.07103796,46.28094977,0.01,1.0,3.649,2.83217298,8.0,7.74868434,22.9985,9.86454895,3.0,"20180628 09:21:54.563706","20180628 09:21:20.000000",1
75,0.0710001,0.0029015,0.0710001,0.07096778,0.07094943,0.07086496,0.07086495,0.07100761,0.07102474,0.07103,0.07103498,0.07103796,46.28094977,0.01,1.0,3.649,2.83217298,8.0,7.74868434,22.9985,9.86454895,3.0,"20180628 09:21:54.625045","20180628 09:21:20.000000",1
36,0.0710001,0.0029015,0.0710001,0.07096778,0.07094943,0.07086496,0.07086495,0.07100761,0.07102,0.07102474,0.07103498,0.07103796,46.28094977,0.01,1.0,3.649,2.83217298,8.0,22.9234,7.74868434,9.86454895,3.0,"20180628 09:21:56.360241","20180628 09:21:20.000000",1
76,0.0710001,0.0029015,0.0710001,0.07096778,0.07094943,0.07086496,0.07086495,0.07100761,0.07102,0.07102474,0.07103498,0.07103796,46.28094977,0.01,1.0,3.649,2.83217298,8.0,22.9234,7.74868434,9.86454895,3.0,"20180628 09:21:56.393219","20180628 09:21:20.000000",1
260,0.0710001,0.0029015,0.0710001,0.07096778,0.07094943,0.07086496,0.07086495,0.07100761,0.07102,0.07102474,0.07103498,0.07103796,46.28094977,0.01,1.0,3.649,2.83217298,8.0,22.9234,7.74868434,9.86454895,3.0,"20180628 09:21:56.831266","20180628 09:21:20.000000",1
255,0.0710001,0.0029015,0.0710001,0.07096778,0.07094943,0.07086496,0.07086495,0.07100761,0.07102,0.07102474,0.07103498,0.07103796,46.28094977,0.01,1.0,3.649,2.83217298,8.0,22.9234,7.74868434,9.86454895,3.0,"20180628 09:21:57.052541","20180628 09:21:20.000000",1
52,0.0710001,0.0029015,0.0710001,0.07096778,0.07094943,0.07086496,0.07086495,0.07100761,0.07102,0.07102474,0.07103498,0.07103796,46.28094977,0.01,1.0,3.649,2.83217298,8.0,22.9234,7.74868434,9.86454895,3.0,"20180628 09:21:57.737971","20180628 09:21:20.000000",1
77,0.0710001,0.0029015,0.0710001,0.07096778,0.07094943,0.07086496,0.07086495,0.07100735,0.07100761,0.07102,0.07103498,0.07103796,46.28094977,0.01,1.0,3.649,2.83217298,7.74868434,8.0,22.9234,9.86454895,3.0,"20180628 09:21:59.985244","20180628 09:21:20.000000",1
37,0.0710001,0.0029015,0.0710001,0.07096778,0.07094943,0.07086496,0.07086495,0.07100735,0.07100761,0.07102,0.07103498,0.07103796,46.28094977,0.01,1.0,3.649,2.83217298,7.74868434,8.0,22.9234,9.86454895,3.0,"20180628 09:21:59.986976","20180628 09:21:20.000000",1
261,0.0710001,0.0029015,0.0710001,0.07096778,0.07094943,0.07086496,0.07086495,0.07100735,0.07100761,0.07102,0.07103498,0.07103796,46.28094977,0.01,1.0,3.649,2.83217298,7.74868434,8.0,22.9234,9.86454895,3.0,"20180628 09:22:00.390818","20180628 09:21:20.000000",1
53,0.0710001,0.0029015,0.0710001,0.07096778,0.07094943,0.07086496,0.07086495,0.07100735,0.07100761,0.07102,0.07103498,0.07103796,46.28094977,0.01,1.0,3.649,2.83217298,7.74868434,8.0,22.9234,9.86454895,3.0,"20180628 09:22:00.681379","20180628 09:21:20.000000",1
256,0.0710001,0.0029015,0.0710001,0.07096778,0.07094943,0.07086496,0.07086495,0.07100735,0.07100761,0.07102,0.07103498,0.07103796,46.28094977,0.01,1.0,3.649,2.83217298,7.74868434,8.0,22.9234,9.86454895,3.0,"20180628 09:22:00.719968","20180628 09:21:20.000000",1
38,0.0710001,0.0029015,0.0710001,0.07096778,0.07094943,0.07086496,0.07086495,0.07100735,0.07100761,0.07103498,0.07103796,0.07105115,46.28094977,0.01,1.0,3.649,2.83217298,7.74868434,8.0,9.86454895,3.0,0.23751519,"20180628 09:22:01.786423","20180628 09:21:20.000000",1
78,0.0710001,0.0029015,0.0710001,0.07096778,0.07094943,0.07086496,0.07086495,0.071005,0.07100735,0.07100761,0.07103498,0.07103796,46.28094977,0.01,1.0,3.649,2.83217298,23.0133,7.74868434,8.0,9.86454895,3.0,"20180628 09:22:01.824454","20180628 09:21:20.000000",1
262,0.0710001,0.0029015,0.0710001,0.07096778,0.07094943,0.07086496,0.07086495,0.071005,0.07100735,0.07100761,0.07103498,0.07103796,46.28094977,0.01,1.0,3.649,2.83217298,23.0133,7.74868434,8.0,9.86454895,3.0,"20180628 09:22:02.187291","20180628 09:21:20.000000",1
54,0.0710001,0.0029015,0.0710001,0.07096778,0.07094943,0.07086496,0.07086495,0.071005,0.07100735,0.07100761,0.07103498,0.07103796,46.28094977,0.01,1.0,3.649,2.83217298,23.0133,7.74868434,8.0,9.86454895,3.0,"20180628 09:22:02.480349","20180628 09:21:20.000000",1
257,0.0710001,0.0029015,0.0710001,0.07096778,0.07094943,0.07086496,0.07086495,0.071005,0.07100735,0.07100761,0.07103498,0.07103796,46.28094977,0.01,1.0,3.649,2.83217298,23.0133,7.74868434,8.0,9.86454895,3.0,"20180628 09:22:02.503291","20180628 09:21:20.000000",1
39,0.0710001,0.0029015,0.0710001,0.07096778,0.07094943,0.07086496,0.07086495,0.071005,0.07100735,0.07100761,0.07103498,0.07103796,46.28094977,0.01,1.0,3.649,2.83217298,23.0133,7.74868434,8.0,9.86454895,3.0,"20180628 09:22:03.589627","20180628 09:21:20.000000",1
55,0.0710001,0.0029015,0.0710001,0.07096778,0.07094943,0.07086496,0.07086495,0.07100474,0.071005,0.07100761,0.07103498,0.07103796,46.28094977,0.01,1.0,3.649,2.83217298,7.74868434,23.0133,8.0,9.86454895,3.0,"20180628 09:22:07.858827","20180628 09:21:20.000000",1
258,0.0710001,0.0029015,0.0710001,0.07096778,0.07094943,0.07086496,0.07086495,0.07100474,0.071005,0.07100761,0.07103498,0.07103796,46.28094977,0.01,1.0,3.649,2.83217298,7.74868434,23.0133,8.0,9.86454895,3.0,"20180628 09:22:07.875478","20180628 09:21:20.000000",1
79,0.0710001,0.0029015,0.0710001,0.07096778,0.07094943,0.07086496,0.07086495,0.07100474,0.071005,0.07100761,0.07103498,0.07103796,46.28094977,0.01,1.0,3.649,2.83217298,7.74868434,23.0133,8.0,9.86454895,3.0,"20180628 09:22:07.892411","20180628 09:21:20.000000",1
40,0.0710001,0.0029015,0.0710001,0.07096778,0.07094943,0.07086496,0.07086495,0.07100474,0.071005,0.07100761,0.07103498,0.07103796,46.28094977,0.01,1.0,3.649,2.83217298,7.74868434,23.0133,8.0,9.86454895,3.0,"20180628 09:22:08.928238","20180628 09:21:20.000000",1
263,0.0710001,0.0029015,0.0710001,0.07096778,0.07094943,0.07086496,0.07086495,0.07100474,0.071005,0.07100761,0.07103498,0.07103796,46.28094977,0.01,1.0,3.649,2.83217298,7.74868434,23.0133,8.0,9.86454895,3.0,"20180628 09:22:15.138604","20180628 09:21:20.000000",1
80,0.0710001,0.0029015,0.0710001,0.07096778,0.07094943,0.07086496,0.07086495,0.07100474,0.071005,0.07100761,0.07103498,0.07103796,46.28094977,0.01,1.0,1.478,2.83217298,7.74868434,23.0133,8.0,9.86454895,3.0,"20180628 09:22:24.774769","20180628 09:21:20.000000",1
56,0.0710001,0.0029015,0.0710001,0.07096778,0.07094943,0.07086496,0.07086495,0.07100474,0.071005,0.07100761,0.07103498,0.07103796,46.28094977,0.01,1.0,1.478,2.83217298,7.74868434,23.0133,8.0,9.86454895,3.0,"20180628 09:22:24.796347","20180628 09:21:20.000000",1
264,0.0710001,0.0029015,0.0710001,0.07096778,0.07094943,0.07086495,0.07084,0.07100474,0.071005,0.07100761,0.07103498,0.07103796,46.28094977,0.01,1.0,2.83217298,3.36264701,7.74868434,23.0133,8.0,9.86454895,3.0,"20180628 09:22:26.174955","20180628 09:21:20.000000",1
41,0.0710001,0.0029015,0.0710001,0.07096778,0.07094943,0.07086495,0.07084,0.07100474,0.071005,0.07100761,0.07103498,0.07103796,46.28094977,0.01,1.0,2.83217298,3.36264701,7.74868434,23.0133,8.0,9.86454895,3.0,"20180628 09:22:26.271813","20180628 09:21:20.000000",1
81,0.0710001,0.0029015,0.0710001,0.07096778,0.07094943,0.07086495,0.07084,0.07100474,0.071005,0.07100761,0.07103498,0.07103796,46.28094977,0.01,1.0,2.83217298,3.36264701,7.74868434,23.0133,8.0,9.86454895,3.0,"20180628 09:22:26.582443","20180628 09:21:20.000000",1
57,0.0710001,0.0029015,0.0710001,0.07096778,0.07094943,0.07086495,0.07084,0.07100474,0.071005,0.07100761,0.07103498,0.07103796,46.28094977,0.01,1.0,2.83217298,3.36264701,7.74868434,23.0133,8.0,9.86454895,3.0,"20180628 09:22:26.614651","20180628 09:21:20.000000",1
259,0.0710001,0.0029015,0.07100011,0.0710001,0.07096778,0.07094943,0.07086495,0.07100474,0.071005,0.07100761,0.07103498,0.07103796,0.00704225,46.28094977,0.01,1.0,2.83217298,7.74868434,23.0133,8.0,9.86454895,3.0,"20180628 09:22:30.172898","20180628 09:21:20.000000",1
265,0.0710001,0.0029015,0.07100011,0.0710001,0.07096778,0.07094943,0.07086495,0.07100474,0.071005,0.07100761,0.07103498,0.07103796,0.00704225,46.28094977,0.01,1.0,2.83217298,7.74868434,23.0133,8.0,9.86454895,3.0,"20180628 09:22:30.238519","20180628 09:21:20.000000",1
42,0.0710001,0.0029015,0.07100011,0.0710001,0.07096778,0.07094943,0.07086495,0.07100474,0.071005,0.07100761,0.07103498,0.07103796,0.00704225,46.28094977,0.01,1.0,2.83217298,7.74868434,23.0133,8.0,9.86454895,3.0,"20180628 09:22:30.272905","20180628 09:21:20.000000",1
58,0.0710001,0.0029015,0.07100011,0.0710001,0.07096778,0.07094943,0.07086495,0.07100474,0.071005,0.07100761,0.07103498,0.07103796,0.00704225,46.28094977,0.01,1.0,2.83217298,7.74868434,23.0133,8.0,9.86454895,3.0,"20180628 09:22:30.273490","20180628 09:21:20.000000",1
82,0.0710001,0.0029015,0.07100011,0.0710001,0.07096778,0.07094943,0.07086495,0.07100474,0.071005,0.07100761,0.07103498,0.07103796,0.00704225,46.28094977,0.01,1.0,2.83217298,7.74868434,23.0133,8.0,9.86454895,3.0,"20180628 09:22:30.912535","20180628 09:21:20.000000",1
260,0.0710001,0.0029015,0.07100011,0.0710001,0.07096778,0.07094943,0.07086495,0.07100474,0.071005,0.07100761,0.07103498,0.07103796,0.0112676,46.28094977,0.01,1.0,2.83217298,7.74868434,23.0133,8.0,9.86454895,3.0,"20180628 09:22:31.974515","20180628 09:21:20.000000",1
266,0.0710001,0.0029015,0.07100011,0.0710001,0.07096778,0.07094943,0.07086495,0.07100474,0.071005,0.07100761,0.07103498,0.07103796,0.0112676,46.28094977,0.01,1.0,2.83217298,7.74868434,23.0133,8.0,9.86454895,3.0,"20180628 09:22:32.026807","20180628 09:21:20.000000",1
43,0.0710001,0.0029015,0.07100011,0.0710001,0.07096778,0.07094943,0.07086495,0.07100474,0.071005,0.07100761,0.07103498,0.07103796,0.0112676,46.28094977,0.01,1.0,2.83217298,7.74868434,23.0133,8.0,9.86454895,3.0,"20180628 09:22:32.073575","20180628 09:21:20.000000",1
59,0.0710001,0.0029015,0.07100011,0.0710001,0.07096778,0.07094943,0.07086495,0.07100474,0.071005,0.07100761,0.07103498,0.07103796,0.0112676,46.28094977,0.01,1.0,2.83217298,7.74868434,23.0133,8.0,9.86454895,3.0,"20180628 09:22:32.089694","20180628 09:21:20.000000",1
83,0.0710001,0.0029015,0.07100011,0.0710001,0.07096778,0.07094943,0.07086495,0.07100474,0.071005,0.07100761,0.07103498,0.07103796,0.0112676,46.28094977,0.01,1.0,2.83217298,7.74868434,23.0133,8.0,9.86454895,3.0,"20180628 09:22:32.732926","20180628 09:21:20.000000",1
44,0.0710001,0.0029015,0.0710001,0.07096778,0.07094943,0.07086495,0.07084,0.07100474,0.071005,0.07103498,0.07103796,0.07105115,46.08174378,0.01,1.0,2.83217298,3.36264701,7.74868434,23.0133,9.86454895,3.0,0.23751519,"20180628 09:22:38.278439","20180628 09:21:20.000000",1
267,0.07100011,0.00704225,0.07100011,0.0710001,0.07096778,0.07094943,0.07086495,0.07100474,0.071005,0.07100761,0.07103498,0.07103796,0.0112676,46.28094977,0.01,1.0,2.83217298,7.74868434,23.0133,8.0,9.86454895,3.0,"20180628 09:22:32.026807","20180628 09:22:39.000000",2
268,0.07100011,0.00422535,0.07100011,0.0710001,0.07096778,0.07094943,0.07086495,0.07100474,0.071005,0.07100761,0.07103498,0.07103796,0.0112676,46.28094977,0.01,1.0,2.83217298,7.74868434,23.0133,8.0,9.86454895,3.0,"20180628 09:22:32.026807","20180628 09:22:39.000000",2
269,0.0710001,0.19920599,0.07100011,0.0710001,0.07096778,0.07094943,0.07086495,0.07100474,0.071005,0.07100761,0.07103498,0.07103796,0.0112676,46.28094977,0.01,1.0,2.83217298,7.74868434,23.0133,8.0,9.86454895,3.0,"20180628 09:22:32.026807","20180628 09:22:39.000000",2
60,0.07100011,0.00704225,0.07100011,0.0710001,0.07096778,0.07094943,0.07086495,0.07100474,0.071005,0.07100761,0.07103498,0.07103796,0.0112676,46.28094977,0.01,1.0,2.83217298,7.74868434,23.0133,8.0,9.86454895,3.0,"20180628 09:22:32.089694","20180628 09:22:39.000000",2
61,0.07100011,0.00422535,0.07100011,0.0710001,0.07096778,0.07094943,0.07086495,0.07100474,0.071005,0.07100761,0.07103498,0.07103796,0.0112676,46.28094977,0.01,1.0,2.83217298,7.74868434,23.0133,8.0,9.86454895,3.0,"20180628 09:22:32.089694","20180628 09:22:39.000000",2
62,0.0710001,0.19920599,0.07100011,0.0710001,0.07096778,0.07094943,0.07086495,0.07100474,0.071005,0.07100761,0.07103498,0.07103796,0.0112676,46.28094977,0.01,1.0,2.83217298,7.74868434,23.0133,8.0,9.86454895,3.0,"20180628 09:22:32.089694","20180628 09:22:39.000000",2
45,0.07100011,0.00704225,0.0710001,0.07096778,0.07094943,0.07086495,0.07084,0.07100474,0.071005,0.07103498,0.07103796,0.07105115,46.08174378,0.01,1.0,2.83217298,3.36264701,7.74868434,23.0133,9.86454895,3.0,0.23751519,"20180628 09:22:38.278439","20180628 09:22:39.000000",2
46,0.07100011,0.00422535,0.0710001,0.07096778,0.07094943,0.07086495,0.07084,0.07100474,0.071005,0.07103498,0.07103796,0.07105115,46.08174378,0.01,1.0,2.83217298,3.36264701,7.74868434,23.0133,9.86454895,3.0,0.23751519,"20180628 09:22:38.278439","20180628 09:22:39.000000",2
47,0.0710001,0.19920599,0.0710001,0.07096778,0.07094943,0.07086495,0.07084,0.07100474,0.071005,0.07103498,0.07103796,0.07105115,46.08174378,0.01,1.0,2.83217298,3.36264701,7.74868434,23.0133,9.86454895,3.0,0.23751519,"20180628 09:22:38.278439","20180628 09:22:39.000000",2
84,0.0710001,0.0029015,0.0710001,0.07096778,0.07094943,0.07086495,0.07084,0.07100474,0.071005,0.07103498,0.07103796,0.07105115,46.08174378,0.01,1.0,2.83217298,3.36264701,7.74868434,23.0133,9.86454895,3.0,0.23751519,"20180628 09:22:39.132021","20180628 09:21:20.000000",1
261,0.0710001,0.0029015,0.0710001,0.07096778,0.07094943,0.07086495,0.07084,0.07100474,0.071005,0.07103498,0.07103796,0.07105115,46.08174378,0.01,1.0,2.83217298,3.36264701,7.74868434,23.0133,9.86454895,3.0,0.23751519,"20180628 09:22:39.225268","20180628 09:21:20.000000",1
262,0.07100011,0.00704225,0.0710001,0.07096778,0.07094943,0.07086495,0.07084,0.07100474,0.071005,0.07103498,0.07103796,0.07105115,46.08174378,0.01,1.0,2.83217298,3.36264701,7.74868434,23.0133,9.86454895,3.0,0.23751519,"20180628 09:22:39.225268","20180628 09:22:39.000000",2
263,0.07100011,0.00422535,0.0710001,0.07096778,0.07094943,0.07086495,0.07084,0.07100474,0.071005,0.07103498,0.07103796,0.07105115,46.08174378,0.01,1.0,2.83217298,3.36264701,7.74868434,23.0133,9.86454895,3.0,0.23751519,"20180628 09:22:39.225268","20180628 09:22:39.000000",2
264,0.0710001,0.19920599,0.0710001,0.07096778,0.07094943,0.07086495,0.07084,0.07100474,0.071005,0.07103498,0.07103796,0.07105115,46.08174378,0.01,1.0,2.83217298,3.36264701,7.74868434,23.0133,9.86454895,3.0,0.23751519,"20180628 09:22:39.225268","20180628 09:22:39.000000",2
270,0.0710001,0.19920599,0.0710001,0.07096778,0.07094943,0.07086495,0.07084,0.07100474,0.071005,0.07103498,0.07103796,0.07105115,46.08174378,0.01,1.0,2.83217298,3.36264701,7.74868434,23.0133,9.86454895,3.0,0.23751519,"20180628 09:22:39.661887","20180628 09:22:39.000000",1
85,0.07100011,0.00704225,0.0710001,0.07096778,0.07094943,0.07086495,0.07084,0.07100474,0.071005,0.07103498,0.07103796,0.07105115,46.08174378,0.01,1.0,2.83217298,3.36264701,7.74868434,23.0133,9.86454895,3.0,0.23751519,"20180628 09:22:39.132021","20180628 09:22:39.000000",2
86,0.07100011,0.00422535,0.0710001,0.07096778,0.07094943,0.07086495,0.07084,0.07100474,0.071005,0.07103498,0.07103796,0.07105115,46.08174378,0.01,1.0,2.83217298,3.36264701,7.74868434,23.0133,9.86454895,3.0,0.23751519,"20180628 09:22:39.132021","20180628 09:22:39.000000",2
87,0.0710001,0.19920599,0.0710001,0.07096778,0.07094943,0.07086495,0.07084,0.07100474,0.071005,0.07103498,0.07103796,0.07105115,46.08174378,0.01,1.0,2.83217298,3.36264701,7.74868434,23.0133,9.86454895,3.0,0.23751519,"20180628 09:22:39.132021","20180628 09:22:39.000000",2
63,0.0710001,0.19920599,0.0710001,0.07096778,0.07094943,0.07086495,0.07084001,0.07100474,0.071005,0.07103498,0.07103796,0.07105115,46.08174378,0.01,1.0,2.83217298,5.54,7.74868434,23.0133,9.86454895,3.0,0.23751519,"20180628 09:22:40.328798","20180628 09:22:39.000000",1
88,0.0710001,0.19920599,0.0710001,0.07096778,0.07094943,0.07086495,0.07084001,0.07100474,0.071005,0.07103498,0.07103796,0.07105115,46.08174378,0.01,1.0,2.83217298,5.54,7.74868434,23.0133,9.86454895,3.0,0.23751519,"20180628 09:22:40.928622","20180628 09:22:39.000000",1
265,0.0710001,0.19920599,0.0710001,0.07096778,0.07094943,0.07086495,0.07084001,0.07100474,0.071005,0.07103498,0.07103796,0.07105115,46.08174378,0.01,1.0,2.83217298,5.54,7.74868434,23.0133,9.86454895,3.0,0.23751519,"20180628 09:22:41.475752","20180628 09:22:39.000000",1
271,0.0710001,0.19920599,0.0710001,0.07096778,0.07094943,0.07086495,0.07084001,0.07100474,0.071005,0.07103498,0.07103796,0.07105115,46.08174378,0.01,1.0,2.83217298,5.54,7.74868434,23.0133,9.86454895,3.0,0.23751519,"20180628 09:22:41.484201","20180628 09:22:39.000000",1
48,0.0710001,0.19920599,0.0710001,0.07096778,0.07094943,0.07086495,0.07084001,0.07100474,0.071005,0.07103498,0.07103796,0.07105115,46.08174378,0.01,1.0,2.83217298,5.54,7.74868434,23.0133,9.86454895,3.0,0.23751519,"20180628 09:22:41.861738","20180628 09:22:39.000000",1
89,0.0710001,0.19920599,0.0710001,0.07096778,0.07094943,0.07086496,0.07086495,0.07100474,0.071005,0.07103498,0.07103796,0.07105115,46.08174378,0.01,1.0,4.745,2.83217298,7.74868434,23.0133,9.86454895,3.0,0.23751519,"20180628 09:22:48.192847","20180628 09:22:39.000000",1
64,0.0710001,0.19920599,0.0710001,0.07096778,0.07094943,0.07086496,0.07086495,0.07100474,0.071005,0.07103498,0.07103796,0.07105115,46.08174378,0.01,1.0,4.745,2.83217298,7.74868434,23.0133,9.86454895,3.0,0.23751519,"20180628 09:22:48.335397","20180628 09:22:39.000000",1
266,0.0710001,0.19920599,0.0710001,0.07096778,0.07094943,0.07086496,0.07086495,0.07100474,0.071005,0.07103498,0.07103796,0.07105115,46.08174378,0.01,1.0,4.745,2.83217298,7.74868434,23.0133,9.86454895,3.0,0.23751519,"20180628 09:22:48.717639","20180628 09:22:39.000000",1
49,0.0710001,0.19920599,0.0710001,0.07096778,0.07094943,0.07086496,0.07086495,0.07100266,0.07100474,0.071005,0.07103498,0.07103796,46.08174378,0.01,1.0,4.745,2.83217298,6.2,7.74868434,23.0133,9.86454895,3.0,"20180628 09:22:49.135814","20180628 09:22:39.000000",1
272,0.0710001,0.19920599,0.0710001,0.07096778,0.07094943,0.07086496,0.07086495,0.0710024,0.07100266,0.071005,0.07103498,0.07103796,46.08174378,0.01,1.0,4.745,2.83217298,7.74868434,6.2,23.0133,9.86454895,3.0,"20180628 09:22:49.695114","20180628 09:22:39.000000",1
90,0.0710001,0.19920599,0.0710001,0.07096778,0.07094943,0.07086495,0.07084,0.0710024,0.07100266,0.071005,0.07103498,0.07103796,46.08174378,0.01,1.0,2.83217298,3.36264701,7.74868434,6.2,23.0133,9.86454895,3.0,"20180628 09:22:49.970800","20180628 09:22:39.000000",1
65,0.0710001,0.19920599,0.0710001,0.07096778,0.07094943,0.07086495,0.07084,0.0710024,0.07100266,0.071005,0.07103498,0.07103796,46.08174378,0.01,1.0,2.83217298,3.36264701,7.74868434,6.2,23.0133,9.86454895,3.0,"20180628 09:22:50.138830","20180628 09:22:39.000000",1
267,0.0710001,0.19920599,0.0710001,0.07096778,0.07094943,0.07086495,0.07084,0.0710024,0.07100266,0.071005,0.07103498,0.07103796,46.08174378,0.01,1.0,2.83217298,3.36264701,7.74868434,6.2,23.0133,9.86454895,3.0,"20180628 09:22:50.533404","20180628 09:22:39.000000",1
50,0.0710001,0.19920599,0.0710001,0.07096778,0.07094943,0.07086495,0.07084,0.0710024,0.07100266,0.071005,0.07103498,0.07103796,46.08174378,0.01,1.0,2.83217298,3.36264701,7.74868434,6.2,23.0133,9.86454895,3.0,"20180628 09:22:50.944819","20180628 09:22:39.000000",1
273,0.0710001,0.19920599,0.0710001,0.07096778,0.07094943,0.07086495,0.07084,0.0710024,0.07100266,0.071005,0.07103498,0.07103796,46.08174378,0.01,1.0,2.83217298,3.36264701,7.74868434,6.2,23.0133,9.86454895,3.0,"20180628 09:22:52.516494","20180628 09:22:39.000000",1
51,0.0710001,0.19920599,0.0710001,0.07096778,0.07094943,0.07086495,0.07084001,0.0710024,0.07100266,0.071005,0.07103498,0.07103796,46.08174378,0.01,1.0,2.83217298,9.505,7.74868434,6.2,23.0133,9.86454895,3.0,"20180628 09:22:56.340892","20180628 09:22:39.000000",1
268,0.0710001,0.19920599,0.0710001,0.07096778,0.07094943,0.07086495,0.07084001,0.0710024,0.07100266,0.071005,0.07103498,0.07103796,46.08174378,0.01,1.0,2.83217298,9.505,7.74868434,6.2,23.0133,9.86454895,3.0,"20180628 09:22:56.743446","20180628 09:22:39.000000",1
91,0.0710001,0.19920599,0.0710001,0.07096778,0.07094943,0.07086495,0.07084001,0.0710024,0.07100266,0.071005,0.07103498,0.07103796,46.08174378,0.01,1.0,2.83217298,9.505,7.74868434,6.2,23.0133,9.86454895,3.0,"20180628 09:22:56.790586","20180628 09:22:39.000000",1
274,0.0710001,0.19920599,0.0710001,0.07096778,0.07094943,0.07086495,0.07084001,0.0710024,0.07100266,0.071005,0.07103498,0.07103796,46.08174378,0.01,1.0,2.83217298,9.505,7.74868434,6.2,23.0133,9.86454895,3.0,"20180628 09:22:57.962005","20180628 09:22:39.000000",1
66,0.0710001,0.19920599,0.0710001,0.07096778,0.07094943,0.07086495,0.07084001,0.0710024,0.07100266,0.071005,0.07103498,0.07103796,46.08174378,0.01,1.0,2.83217298,9.505,7.74868434,6.2,23.0133,9.86454895,3.0,"20180628 09:22:58.069698","20180628 09:22:39.000000",1
269,0.0710024,1.2054505,0.0710001,0.07096778,0.07094943,0.07086495,0.07084001,0.0710024,0.07100266,0.071005,0.07103498,0.07103796,46.08174378,0.01,1.0,2.83217298,9.505,7.74868434,6.2,23.0133,9.86454895,3.0,"20180628 09:22:56.743446","20180628 09:23:12.000000",2
52,0.0710001,0.19920599,0.0710001,0.07096778,0.07094943,0.07086496,0.07086495,0.0710024,0.07100266,0.071005,0.07103498,0.07103796,46.08174378,0.01,1.0,3.765,2.83217298,6.54323384,6.2,23.0133,9.86454895,3.0,"20180628 09:23:11.912723","20180628 09:22:39.000000",1
275,0.0710001,0.19920599,0.0710001,0.07096778,0.07094943,0.07086496,0.07086495,0.0710024,0.07100266,0.071005,0.07103498,0.07103796,46.08174378,0.01,1.0,3.765,2.83217298,6.54323384,6.2,23.0133,9.86454895,3.0,"20180628 09:23:12.303294","20180628 09:22:39.000000",1
53,0.0710024,1.2054505,0.0710001,0.07096778,0.07094943,0.07086496,0.07086495,0.0710024,0.07100266,0.071005,0.07103498,0.07103796,46.08174378,0.01,1.0,3.765,2.83217298,6.54323384,6.2,23.0133,9.86454895,3.0,"20180628 09:23:11.912723","20180628 09:23:12.000000",2
92,0.0710001,0.19920599,0.0710001,0.07096778,0.07094943,0.07086522,0.07086496,0.0710024,0.07100266,0.071005,0.07103498,0.07103796,46.08174378,0.01,1.0,1.2054505,3.765,6.54323384,6.2,23.0133,9.86454895,3.0,"20180628 09:23:12.529192","20180628 09:22:39.000000",1
276,0.0710024,1.2054505,0.0710001,0.07096778,0.07094943,0.07086496,0.07086495,0.0710024,0.07100266,0.071005,0.07103498,0.07103796,46.08174378,0.01,1.0,3.765,2.83217298,6.54323384,6.2,23.0133,9.86454895,3.0,"20180628 09:23:12.303294","20180628 09:23:12.000000",2
67,0.0710001,0.19920599,0.0710001,0.07096778,0.07094943,0.07086522,0.07086496,0.0710024,0.07100266,0.071005,0.07103498,0.07103796,46.08174378,0.01,1.0,1.2054505,3.765,6.54323384,6.2,23.0133,9.86454895,3.0,"20180628 09:23:13.143838","20180628 09:22:39.000000",1
270,0.0710024,9.3e-06,0.0710001,0.07096778,0.07094943,0.07086495,0.07084001,0.0710024,0.07100266,0.071005,0.07103498,0.07103796,46.08174378,0.01,1.0,2.83217298,9.505,7.74868434,6.2,23.0133,9.86454895,3.0,"20180628 09:22:56.743446","20180628 09:23:13.000000",2
68,0.0710024,1.2054505,0.0710001,0.07096778,0.07094943,0.07086522,0.07086496,0.0710024,0.07100266,0.071005,0.07103498,0.07103796,46.08174378,0.01,1.0,1.2054505,3.765,6.54323384,6.2,23.0133,9.86454895,3.0,"20180628 09:23:13.143838","20180628 09:23:12.000000",2
69,0.0710024,9.3e-06,0.0710001,0.07096778,0.07094943,0.07086522,0.07086496,0.0710024,0.07100266,0.071005,0.07103498,0.07103796,46.08174378,0.01,1.0,1.2054505,3.765,6.54323384,6.2,23.0133,9.86454895,3.0,"20180628 09:23:13.143838","20180628 09:23:13.000000",2
54,0.0710024,1.2054505,0.0710001,0.07096778,0.07094943,0.07086522,0.07086495,0.07100214,0.07100266,0.071005,0.07103498,0.07103796,46.08174378,0.01,1.0,1.2054505,2.83217298,6.54323384,6.2,23.0133,9.86454895,3.0,"20180628 09:23:14.094384","20180628 09:23:12.000000",1
55,0.0710024,9.3e-06,0.0710001,0.07096778,0.07094943,0.07086522,0.07086495,0.07100214,0.07100266,0.071005,0.07103498,0.07103796,46.08174378,0.01,1.0,1.2054505,2.83217298,6.54323384,6.2,23.0133,9.86454895,3.0,"20180628 09:23:14.094384","20180628 09:23:13.000000",2
277,0.0710024,9.3e-06,0.0710001,0.07096778,0.07094943,0.07086496,0.07086495,0.0710024,0.07100266,0.071005,0.07103498,0.07103796,46.08174378,0.01,1.0,3.765,2.83217298,6.54323384,6.2,23.0133,9.86454895,3.0,"20180628 09:23:12.303294","20180628 09:23:13.000000",2
278,0.0710024,9.3e-06,0.0710001,0.07096778,0.07094943,0.07086522,0.07086495,0.07100214,0.07100266,0.071005,0.07103498,0.07103796,46.08174378,0.01,1.0,1.2054505,2.83217298,6.54323384,6.2,23.0133,9.86454895,3.0,"20180628 09:23:14.524854","20180628 09:23:13.000000",1
93,0.0710001,0.19920599,0.0710001,0.07096778,0.07094943,0.07086522,0.07086495,0.07100214,0.07100266,0.071005,0.07103498,0.07103796,46.08174378,0.01,1.0,1.2054505,2.83217298,6.54323384,6.2,23.0133,9.86454895,3.0,"20180628 09:23:14.706230","20180628 09:22:39.000000",1
70,0.0710024,9.3e-06,0.0710001,0.07096778,0.07094943,0.07086522,0.07086495,0.07100214,0.07100266,0.071005,0.07103498,0.07103796,46.08174378,0.01,1.0,1.2054505,2.83217298,6.54323384,6.2,23.0133,9.86454895,3.0,"20180628 09:23:14.945598","20180628 09:23:13.000000",1
71,0.07100214,0.13979787,0.0710001,0.07096778,0.07094943,0.07086522,0.07086495,0.07100214,0.07100266,0.071005,0.07103498,0.07103796,46.08174378,0.01,1.0,1.2054505,2.83217298,6.54323384,6.2,23.0133,9.86454895,3.0,"20180628 09:23:14.945598","20180628 09:23:16.000000",2
72,0.0710001,0.0002969,0.0710001,0.07096778,0.07094943,0.07086522,0.07086495,0.07100214,0.07100266,0.071005,0.07103498,0.07103796,46.08174378,0.01,1.0,1.2054505,2.83217298,6.54323384,6.2,23.0133,9.86454895,3.0,"20180628 09:23:14.945598","20180628 09:23:16.000000",2
271,0.07100214,0.13979787,0.0710001,0.07096778,0.07094943,0.07086495,0.07084001,0.0710024,0.07100266,0.071005,0.07103498,0.07103796,46.08174378,0.01,1.0,2.83217298,9.505,7.74868434,6.2,23.0133,9.86454895,3.0,"20180628 09:22:56.743446","20180628 09:23:16.000000",2
272,0.0710001,0.0002969,0.0710001,0.07096778,0.07094943,0.07086495,0.07084001,0.0710024,0.07100266,0.071005,0.07103498,0.07103796,46.08174378,0.01,1.0,2.83217298,9.505,7.74868434,6.2,23.0133,9.86454895,3.0,"20180628 09:22:56.743446","20180628 09:23:16.000000",2
279,0.07100214,0.13979787,0.0710001,0.07096778,0.07094943,0.07086522,0.07086495,0.07100214,0.07100266,0.071005,0.07103498,0.07103796,46.08174378,0.01,1.0,1.2054505,2.83217298,6.54323384,6.2,23.0133,9.86454895,3.0,"20180628 09:23:14.524854","20180628 09:23:16.000000",2
280,0.0710001,0.0002969,0.0710001,0.07096778,0.07094943,0.07086522,0.07086495,0.07100214,0.07100266,0.071005,0.07103498,0.07103796,46.08174378,0.01,1.0,1.2054505,2.83217298,6.54323384,6.2,23.0133,9.86454895,3.0,"20180628 09:23:14.524854","20180628 09:23:16.000000",2
281,0.0710001,0.0002969,0.0710001,0.07096778,0.07094943,0.07086522,0.07086495,0.07100214,0.07100266,0.071005,0.07103498,0.07103796,46.08144688,0.01,1.0,1.2054505,2.83217298,6.40343597,6.2,23.0133,9.86454895,3.0,"20180628 09:23:16.316724","20180628 09:23:16.000000",1
56,0.0710024,9.3e-06,0.0710001,0.07096778,0.07094943,0.07086522,0.07086495,0.07100214,0.07100266,0.071005,0.07103498,0.07103796,46.08144688,0.01,1.0,1.2054505,2.83217298,6.40343597,6.2,23.0133,9.86454895,3.0,"20180628 09:23:16.343052","20180628 09:23:13.000000",1
57,0.07100214,0.13979787,0.0710001,0.07096778,0.07094943,0.07086522,0.07086495,0.07100214,0.07100266,0.071005,0.07103498,0.07103796,46.08144688,0.01,1.0,1.2054505,2.83217298,6.40343597,6.2,23.0133,9.86454895,3.0,"20180628 09:23:16.343052","20180628 09:23:16.000000",2
58,0.0710001,0.0002969,0.0710001,0.07096778,0.07094943,0.07086522,0.07086495,0.07100214,0.07100266,0.071005,0.07103498,0.07103796,46.08144688,0.01,1.0,1.2054505,2.83217298,6.40343597,6.2,23.0133,9.86454895,3.0,"20180628 09:23:16.343052","20180628 09:23:16.000000",2
94,0.0710001,0.19920599,0.0710001,0.07096778,0.07094943,0.07086522,0.07086495,0.07100214,0.07100266,0.071005,0.07103498,0.07103796,46.08144688,0.01,1.0,1.2054505,2.83217298,6.40343597,6.2,23.0133,9.86454895,3.0,"20180628 09:23:16.506581","20180628 09:22:39.000000",1
73,0.0710001,0.0002969,0.0710001,0.07096778,0.07094943,0.07086522,0.07086495,0.07100214,0.07100266,0.071005,0.07103498,0.07103796,46.08144688,0.01,1.0,1.2054505,2.83217298,6.40343597,6.2,23.0133,9.86454895,3.0,"20180628 09:23:16.729472","20180628 09:23:16.000000",1
273,0.0710001,0.0002969,0.0710001,0.07096778,0.07094943,0.07086522,0.07086495,0.07100214,0.07100266,0.071005,0.07103498,0.07103796,46.08144688,0.01,1.0,1.2054505,2.83217298,6.40343597,6.2,23.0133,9.86454895,3.0,"20180628 09:23:17.803092","20180628 09:23:16.000000",1
95,0.0710024,1.2054505,0.0710001,0.07096778,0.07094943,0.07086522,0.07086495,0.07100214,0.07100266,0.071005,0.07103498,0.07103796,46.08144688,0.01,1.0,1.2054505,2.83217298,6.40343597,6.2,23.0133,9.86454895,3.0,"20180628 09:23:16.506581","20180628 09:23:12.000000",2
96,0.0710024,9.3e-06,0.0710001,0.07096778,0.07094943,0.07086522,0.07086495,0.07100214,0.07100266,0.071005,0.07103498,0.07103796,46.08144688,0.01,1.0,1.2054505,2.83217298,6.40343597,6.2,23.0133,9.86454895,3.0,"20180628 09:23:16.506581","20180628 09:23:13.000000",2
97,0.07100214,0.13979787,0.0710001,0.07096778,0.07094943,0.07086522,0.07086495,0.07100214,0.07100266,0.071005,0.07103498,0.07103796,46.08144688,0.01,1.0,1.2054505,2.83217298,6.40343597,6.2,23.0133,9.86454895,3.0,"20180628 09:23:16.506581","20180628 09:23:16.000000",2
98,0.0710001,0.0002969,0.0710001,0.07096778,0.07094943,0.07086522,0.07086495,0.07100214,0.07100266,0.071005,0.07103498,0.07103796,46.08144688,0.01,1.0,1.2054505,2.83217298,6.40343597,6.2,23.0133,9.86454895,3.0,"20180628 09:23:16.506581","20180628 09:23:16.000000",2
99,0.0710001,0.0007545,0.0710001,0.07096778,0.07094943,0.07086522,0.07086495,0.07100214,0.07100266,0.071005,0.07103498,0.07103796,46.08144688,0.01,1.0,1.2054505,2.83217298,6.40343597,6.2,23.0133,9.86454895,3.0,"20180628 09:23:16.506581","20180628 09:23:19.000000",2
274,0.0710001,0.0007545,0.0710001,0.07096778,0.07094943,0.07086522,0.07086495,0.07100214,0.07100266,0.071005,0.07103498,0.07103796,46.08144688,0.01,1.0,1.2054505,2.83217298,6.40343597,6.2,23.0133,9.86454895,3.0,"20180628 09:23:17.803092","20180628 09:23:19.000000",2
275,0.0710001,0.0007545,0.0710001,0.07096778,0.07094943,0.07086523,0.07086522,0.07100214,0.07100266,0.071005,0.07103498,0.07103796,46.08069238,0.01,1.0,2.723,1.2054505,6.40343597,6.2,23.0133,9.86454895,3.0,"20180628 09:23:19.627445","20180628 09:23:19.000000",1
282,0.0710001,0.0007545,0.0710001,0.07096778,0.07094943,0.07086522,0.07086495,0.07100214,0.07100266,0.071005,0.07103498,0.07103796,46.08144688,0.01,1.0,1.2054505,2.83217298,6.40343597,6.2,23.0133,9.86454895,3.0,"20180628 09:23:16.316724","20180628 09:23:19.000000",2
283,0.0710001,0.0007545,0.0710001,0.07096778,0.07094943,0.07086523,0.07086522,0.07100214,0.07100266,0.071005,0.07103498,0.07103796,46.08069238,0.01,1.0,2.723,1.2054505,6.40343597,6.2,23.0133,9.86454895,3.0,"20180628 09:23:19.952670","20180628 09:23:19.000000",1
74,0.0710001,0.0007545,0.0710001,0.07096778,0.07094943,0.07086522,0.07086495,0.07100214,0.07100266,0.071005,0.07103498,0.07103796,46.08144688,0.01,1.0,1.2054505,2.83217298,6.40343597,6.2,23.0133,9.86454895,3.0,"20180628 09:23:16.729472","20180628 09:23:19.000000",2
59,0.0710001,0.0007545,0.0710001,0.07096778,0.07094943,0.07086522,0.07086495,0.07100214,0.07100266,0.071005,0.07103498,0.07103796,46.08144688,0.01,1.0,1.2054505,2.83217298,6.40343597,6.2,23.0133,9.86454895,3.0,"20180628 09:23:16.343052","20180628 09:23:19.000000",2
100,0.0710001,0.0007545,0.0710001,0.07096778,0.07094943,0.07086523,0.07086522,0.07100214,0.07100266,0.071005,0.07103498,0.07103796,46.08069238,0.01,1.0,2.723,1.2054505,6.40343597,6.2,23.0133,9.86454895,3.0,"20180628 09:23:20.128358","20180628 09:23:19.000000",1
75,0.0710001,0.0007545,0.0710001,0.07096778,0.07094943,0.07086523,0.07086522,0.07100214,0.07100266,0.071005,0.07103498,0.07103796,46.08069238,0.01,1.0,2.723,1.2054505,6.40343597,6.2,23.0133,9.86454895,3.0,"20180628 09:23:20.330793","20180628 09:23:19.000000",1
276,0.0710001,8.16e-06,0.0710001,0.07096778,0.07094943,0.07086523,0.07086522,0.07100214,0.07100266,0.071005,0.07103498,0.07103796,46.08069238,0.01,1.0,2.723,1.2054505,6.40343597,6.2,23.0133,9.86454895,3.0,"20180628 09:23:19.627445","20180628 09:23:22.000000",2
101,0.0710001,8.16e-06,0.0710001,0.07096778,0.07094943,0.07086523,0.07086522,0.07100214,0.07100266,0.071005,0.07103498,0.07103796,46.08069238,0.01,1.0,2.723,1.2054505,6.40343597,6.2,23.0133,9.86454895,3.0,"20180628 09:23:20.128358","20180628 09:23:22.000000",2
284,0.0710001,8.16e-06,0.0710001,0.07096778,0.07094943,0.07086523,0.07086522,0.07100214,0.07100266,0.071005,0.07103498,0.07103796,46.08069238,0.01,1.0,2.723,1.2054505,6.40343597,6.2,23.0133,9.86454895,3.0,"20180628 09:23:19.952670","20180628 09:23:22.000000",2
76,0.0710001,8.16e-06,0.0710001,0.07096778,0.07094943,0.07086523,0.07086522,0.07100214,0.07100266,0.071005,0.07103498,0.07103796,46.08069238,0.01,1.0,2.723,1.2054505,6.40343597,6.2,23.0133,9.86454895,3.0,"20180628 09:23:20.330793","20180628 09:23:22.000000",2
277,0.0710001,8.16e-06,0.0710001,0.07096778,0.07094943,0.07086523,0.07086522,0.07100214,0.071005,0.07103498,0.07103796,0.07105115,46.08068422,0.01,1.0,2.723,1.2054505,6.40343597,23.0133,9.86454895,3.0,0.23751519,"20180628 09:23:21.859861","20180628 09:23:22.000000",1
102,0.0710001,8.16e-06,0.0710001,0.07096778,0.07094943,0.07086523,0.07086522,0.07100214,0.071005,0.07103498,0.07103796,0.07105115,46.08068422,0.01,1.0,2.723,1.2054505,6.40343597,23.0133,9.86454895,3.0,0.23751519,"20180628 09:23:21.912532","20180628 09:23:22.000000",1
60,0.0710001,0.0007545,0.0710001,0.07096778,0.07094943,0.07086523,0.07086522,0.07100214,0.07100266,0.071005,0.07103498,0.07103796,46.08069238,0.01,1.0,2.723,1.2054505,6.40343597,6.2,23.0133,9.86454895,3.0,"20180628 09:23:21.982874","20180628 09:23:19.000000",1
77,0.0710001,8.16e-06,0.0710001,0.07096778,0.07094943,0.07086523,0.07086522,0.07100214,0.071005,0.07103498,0.07103796,0.07105115,46.08068422,0.01,1.0,2.723,1.2054505,6.40343597,23.0133,9.86454895,3.0,0.23751519,"20180628 09:23:22.108425","20180628 09:23:22.000000",1
285,0.0710001,8.16e-06,0.0710001,0.07096778,0.07094943,0.07086523,0.07086522,0.07100214,0.071005,0.07103498,0.07103796,0.07105115,46.08068422,0.01,1.0,2.723,1.2054505,6.40343597,23.0133,9.86454895,3.0,0.23751519,"20180628 09:23:22.185755","20180628 09:23:22.000000",1
61,0.0710001,8.16e-06,0.0710001,0.07096778,0.07094943,0.07086523,0.07086522,0.07100214,0.07100266,0.071005,0.07103498,0.07103796,46.08069238,0.01,1.0,2.723,1.2054505,6.40343597,6.2,23.0133,9.86454895,3.0,"20180628 09:23:21.982874","20180628 09:23:22.000000",2
78,0.0710001,2.056e-05,0.0710001,0.07096778,0.07094943,0.07086523,0.07086522,0.07100214,0.071005,0.07103498,0.07103796,0.07105115,46.08068422,0.01,1.0,2.723,1.2054505,6.40343597,23.0133,9.86454895,3.0,0.23751519,"20180628 09:23:22.108425","20180628 09:23:24.000000",2
278,0.0710001,8.16e-06,0.0710001,0.07096778,0.07094943,0.07086523,0.07086522,0.07100214,0.071005,0.07103498,0.07103796,0.07105115,46.08066366,0.01,1.0,2.723,1.2054505,6.40343597,23.0133,9.86454895,3.0,0.23751519,"20180628 09:23:23.657171","20180628 09:23:22.000000",1
103,0.0710001,8.16e-06,0.0710001,0.07096778,0.07094943,0.07086523,0.07086522,0.07100214,0.071005,0.07103498,0.07103796,0.07105115,46.08066366,0.01,1.0,2.723,1.2054505,6.40343597,23.0133,9.86454895,3.0,0.23751519,"20180628 09:23:23.680649","20180628 09:23:22.000000",1
79,0.0710001,2.056e-05,0.0710001,0.07096778,0.07094943,0.07086523,0.07086522,0.07100214,0.071005,0.07103498,0.07103796,0.07105115,46.08066366,0.01,1.0,2.723,1.2054505,6.40343597,23.0133,9.86454895,3.0,0.23751519,"20180628 09:23:23.892943","20180628 09:23:24.000000",1
62,0.0710001,2.056e-05,0.0710001,0.07096778,0.07094943,0.07086523,0.07086522,0.07100214,0.07100266,0.071005,0.07103498,0.07103796,46.08069238,0.01,1.0,2.723,1.2054505,6.40343597,6.2,23.0133,9.86454895,3.0,"20180628 09:23:21.982874","20180628 09:23:24.000000",2
63,0.0710001,2.056e-05,0.0710001,0.07096778,0.07094943,0.07086523,0.07086522,0.07100214,0.071005,0.07103498,0.07103796,0.07105115,46.08066366,0.01,1.0,2.723,1.2054505,6.40343597,23.0133,9.86454895,3.0,0.23751519,"20180628 09:23:24.200425","20180628 09:23:24.000000",1
286,0.0710001,2.056e-05,0.0710001,0.07096778,0.07094943,0.07086523,0.07086522,0.07100214,0.071005,0.07103498,0.07103796,0.07105115,46.08068422,0.01,1.0,2.723,1.2054505,6.40343597,23.0133,9.86454895,3.0,0.23751519,"20180628 09:23:22.185755","20180628 09:23:24.000000",2
287,0.0710001,2.056e-05,0.0710001,0.07096778,0.07094943,0.07086523,0.07086522,0.07100214,0.071005,0.07103498,0.07103796,0.07105115,46.08066366,0.01,1.0,2.723,1.2054505,6.40343597,23.0133,9.86454895,3.0,0.23751519,"20180628 09:23:24.385863","20180628 09:23:24.000000",1
279,0.0710001,2.056e-05,0.0710001,0.07096778,0.07094943,0.07086523,0.07086522,0.07100214,0.071005,0.07103498,0.07103796,0.07105115,46.08066366,0.01,1.0,2.723,1.2054505,6.40343597,23.0133,9.86454895,3.0,0.23751519,"20180628 09:23:23.657171","20180628 09:23:24.000000",2
104,0.0710001,2.056e-05,0.0710001,0.07096778,0.07094943,0.07086523,0.07086522,0.07100214,0.071005,0.07103498,0.07103796,0.07105115,46.08066366,0.01,1.0,2.723,1.2054505,6.40343597,23.0133,9.86454895,3.0,0.23751519,"20180628 09:23:23.680649","20180628 09:23:24.000000",2
80,0.0710001,3.788e-05,0.0710001,0.07096778,0.07094943,0.07086523,0.07086522,0.07100214,0.071005,0.07103498,0.07103796,0.07105115,46.08066366,0.01,1.0,2.723,1.2054505,6.40343597,23.0133,9.86454895,3.0,0.23751519,"20180628 09:23:23.892943","20180628 09:23:32.000000",2
280,0.0710001,2.056e-05,0.0710001,0.07096778,0.07094943,0.07086523,0.07086522,0.07100214,0.071005,0.07103498,0.07103796,0.07105115,46.08062578,0.01,1.0,2.723,1.2054505,6.40343597,23.0133,9.86454895,3.0,0.23751519,"20180628 09:23:31.223895","20180628 09:23:24.000000",1
64,0.0710001,3.788e-05,0.0710001,0.07096778,0.07094943,0.07086523,0.07086522,0.07100214,0.071005,0.07103498,0.07103796,0.07105115,46.08066366,0.01,1.0,2.723,1.2054505,6.40343597,23.0133,9.86454895,3.0,0.23751519,"20180628 09:23:24.200425","20180628 09:23:32.000000",2
65,0.0710001,3.788e-05,0.0710001,0.07096778,0.07094943,0.07086523,0.07086522,0.07100214,0.071005,0.07103498,0.07103796,0.07105115,46.08062578,0.01,1.0,2.723,1.2054505,6.40343597,23.0133,9.86454895,3.0,0.23751519,"20180628 09:23:31.361685","20180628 09:23:32.000000",1
288,0.0710001,3.788e-05,0.0710001,0.07096778,0.07094943,0.07086523,0.07086522,0.07100214,0.071005,0.07103498,0.07103796,0.07105115,46.08066366,0.01,1.0,2.723,1.2054505,6.40343597,23.0133,9.86454895,3.0,0.23751519,"20180628 09:23:24.385863","20180628 09:23:32.000000",2
289,0.0710001,3.788e-05,0.0710001,0.07096778,0.07094943,0.07086523,0.07086522,0.07100214,0.071005,0.07103498,0.07103796,0.07105115,46.08062578,0.01,1.0,2.723,1.2054505,6.40343597,23.0133,9.86454895,3.0,0.23751519,"20180628 09:23:31.519547","20180628 09:23:32.000000",1
281,0.0710001,3.788e-05,0.0710001,0.07096778,0.07094943,0.07086523,0.07086522,0.07100214,0.071005,0.07103498,0.07103796,0.07105115,46.08062578,0.01,1.0,2.723,1.2054505,6.40343597,23.0133,9.86454895,3.0,0.23751519,"20180628 09:23:31.223895","20180628 09:23:32.000000",2
105,0.0710001,3.788e-05,0.0710001,0.07096778,0.07094943,0.07086523,0.07086522,0.07100214,0.071005,0.07103498,0.07103796,0.07105115,46.08066366,0.01,1.0,2.723,1.2054505,6.40343597,23.0133,9.86454895,3.0,0.23751519,"20180628 09:23:23.680649","20180628 09:23:32.000000",2
81,0.0710001,3.788e-05,0.0710001,0.07096778,0.07094943,0.07086523,0.07086522,0.07100214,0.071005,0.07103498,0.07103796,0.07105115,46.08062578,0.01,1.0,2.723,1.2054505,6.40343597,23.0133,9.86454895,3.0,0.23751519,"20180628 09:23:32.645662","20180628 09:23:32.000000",1
106,0.0710001,3.788e-05,0.0710001,0.07096778,0.07094943,0.07086523,0.07086522,0.07100214,0.071005,0.07103498,0.07103796,0.07105115,46.08062578,0.01,1.0,2.723,1.2054505,6.40343597,23.0133,9.86454895,3.0,0.23751519,"20180628 09:23:32.696071","20180628 09:23:32.000000",1
290,0.07100214,0.06877325,0.0710001,0.07096778,0.07094943,0.07086523,0.07086522,0.07100214,0.071005,0.07103498,0.07103796,0.07105115,46.08062578,0.01,1.0,2.723,1.2054505,6.40343597,23.0133,9.86454895,3.0,0.23751519,"20180628 09:23:31.519547","20180628 09:23:36.000000",2
282,0.0710001,3.788e-05,0.0710001,0.07096778,0.07094943,0.07086523,0.07086522,0.07100214,0.071005,0.07103796,0.07105115,0.07107538,46.08062578,0.01,1.0,2.723,1.2054505,6.33466272,23.0133,3.0,0.23751519,6.0,"20180628 09:23:35.124699","20180628 09:23:32.000000",1
291,0.07100214,0.06877325,0.0710001,0.07096778,0.07094943,0.07086523,0.07086522,0.07100214,0.071005,0.07103796,0.07105115,0.07107538,46.08062578,0.01,1.0,2.723,1.2054505,6.33466272,23.0133,3.0,0.23751519,6.0,"20180628 09:23:35.127064","20180628 09:23:36.000000",1
283,0.07100214,0.06877325,0.0710001,0.07096778,0.07094943,0.07086523,0.07086522,0.07100214,0.071005,0.07103796,0.07105115,0.07107538,46.08062578,0.01,1.0,2.723,1.2054505,6.33466272,23.0133,3.0,0.23751519,6.0,"20180628 09:23:35.124699","20180628 09:23:36.000000",2
66,0.0710001,3.788e-05,0.0710001,0.07096778,0.07094943,0.07086523,0.07086522,0.07100214,0.071005,0.07103796,0.07105115,0.07107538,46.08062578,0.01,1.0,2.723,1.2054505,6.33466272,23.0133,3.0,0.23751519,6.0,"20180628 09:23:35.288720","20180628 09:23:32.000000",1
82,0.0710001,3.788e-05,0.0710001,0.07096778,0.07094943,0.07086523,0.07086522,0.07100188,0.071005,0.07103796,0.07105115,0.07107537,46.08062578,0.01,1.0,2.723,1.2054505,6.33465342,23.0133,3.0,0.23751519,15.058,"20180628 09:23:36.189708","20180628 09:23:32.000000",1
83,0.07100214,0.06877325,0.0710001,0.07096778,0.07094943,0.07086523,0.07086522,0.07100188,0.071005,0.07103796,0.07105115,0.07107537,46.08062578,0.01,1.0,2.723,1.2054505,6.33465342,23.0133,3.0,0.23751519,15.058,"20180628 09:23:36.189708","20180628 09:23:36.000000",2
67,0.07100214,0.06877325,0.0710001,0.07096778,0.07094943,0.07086523,0.07086522,0.07100214,0.071005,0.07103796,0.07105115,0.07107538,46.08062578,0.01,1.0,2.723,1.2054505,6.33466272,23.0133,3.0,0.23751519,6.0,"20180628 09:23:35.288720","20180628 09:23:36.000000",2
292,0.07100214,0.06877325,0.0710001,0.07096778,0.07094943,0.07086523,0.07086522,0.07100188,0.071005,0.07103796,0.07105115,0.07107538,46.08062578,0.01,1.0,2.723,1.2054505,6.33465342,23.0133,3.0,0.23751519,6.0,"20180628 09:23:36.903260","20180628 09:23:36.000000",1
284,0.07100214,0.06877325,0.0710001,0.07096778,0.07094943,0.07086523,0.07086522,0.07100188,0.071005,0.07103796,0.07105115,0.07107538,46.08062578,0.01,1.0,2.723,1.2054505,6.33465342,23.0133,3.0,0.23751519,6.0,"20180628 09:23:37.350972","20180628 09:23:36.000000",1
68,0.07100214,0.06877325,0.0710001,0.07096778,0.07094943,0.07086523,0.07086522,0.07100188,0.071005,0.07103796,0.07105115,0.07107538,46.08062578,0.01,1.0,2.723,1.2054505,6.33465342,23.0133,3.0,0.23751519,6.0,"20180628 09:23:37.524877","20180628 09:23:36.000000",1
84,0.07100214,0.06877325,0.0710001,0.07096778,0.07094943,0.07086523,0.07086522,0.07100188,0.071005,0.07103796,0.07105115,0.07107538,46.08062578,0.01,1.0,2.723,1.2054505,6.33465342,23.0133,3.0,0.23751519,6.0,"20180628 09:23:37.984128","20180628 09:23:36.000000",1
107,0.07100214,0.06877325,0.0710001,0.07096778,0.07094943,0.07086523,0.07086522,0.07100214,0.071005,0.07103498,0.07103796,0.07105115,46.08062578,0.01,1.0,2.723,1.2054505,6.40343597,23.0133,9.86454895,3.0,0.23751519,"20180628 09:23:32.696071","20180628 09:23:36.000000",2
285,0.07100214,0.06877325,0.0710001,0.07096778,0.07094943,0.07086523,0.07086522,0.07100188,0.071005,0.07103796,0.07105115,0.07107537,46.08062578,0.01,1.0,2.723,1.2054505,6.33465342,23.0133,3.0,0.23751519,5.05,"20180628 09:23:46.313941","20180628 09:23:36.000000",1
69,0.07100214,0.06877325,0.0710001,0.07096778,0.07094943,0.07086523,0.07086522,0.07100188,0.071005,0.07103796,0.07105115,0.07107537,46.08062578,0.01,1.0,2.723,1.2054505,6.33465342,23.0133,3.0,0.23751519,5.05,"20180628 09:23:46.480611","20180628 09:23:36.000000",1
108,0.07100214,0.06877325,0.0710001,0.07096778,0.07094943,0.07086523,0.07086522,0.07100188,0.071005,0.07103796,0.07105115,0.07107537,46.08062578,0.01,1.0,2.723,1.2054505,6.33465342,23.0133,3.0,0.23751519,5.05,"20180628 09:23:46.876863","20180628 09:23:36.000000",1
286,0.07100214,0.06877325,0.0710001,0.07096778,0.07094943,0.07086523,0.07086522,0.07100188,0.071005,0.07103796,0.07105115,0.07107538,46.08062578,0.01,1.0,2.723,1.2054505,6.33465342,23.0133,3.0,0.23751519,6.0,"20180628 09:23:48.098998","20180628 09:23:36.000000",1
70,0.07100214,0.06877325,0.0710001,0.07096778,0.07094943,0.07086523,0.07086522,0.07100188,0.071005,0.07103796,0.07105115,0.07107538,46.08062578,0.01,1.0,2.723,1.2054505,6.33465342,23.0133,3.0,0.23751519,6.0,"20180628 09:23:48.267870","20180628 09:23:36.000000",1
109,0.07100214,0.06877325,0.0710001,0.07096778,0.07094943,0.07086523,0.07086522,0.07100188,0.071005,0.07103796,0.07105115,0.07107538,46.08062578,0.01,1.0,2.723,1.2054505,4.95398894,23.0133,3.0,0.23751519,6.0,"20180628 09:23:48.659183","20180628 09:23:36.000000",1
85,0.07100188,1.38066448,0.0710001,0.07096778,0.07094943,0.07086523,0.07086522,0.07100188,0.071005,0.07103796,0.07105115,0.07107538,46.08062578,0.01,1.0,2.723,1.2054505,6.33465342,23.0133,3.0,0.23751519,6.0,"20180628 09:23:37.984128","20180628 09:23:49.000000",2
293,0.07100214,0.06877325,0.0710001,0.07096778,0.07094943,0.07086523,0.07086522,0.07100162,0.071005,0.07103796,0.07105115,0.07107538,46.08062578,0.01,1.0,2.723,1.2054505,4.95398894,23.0133,3.0,0.23751519,6.0,"20180628 09:23:49.392146","20180628 09:23:36.000000",1
287,0.07100188,1.38066448,0.0710001,0.07096778,0.07094943,0.07086523,0.07086522,0.07100188,0.071005,0.07103796,0.07105115,0.07107538,46.08062578,0.01,1.0,2.723,1.2054505,6.33465342,23.0133,3.0,0.23751519,6.0,"20180628 09:23:48.098998","20180628 09:23:49.000000",2
86,0.07100188,1.38066448,0.0710001,0.07096778,0.07094943,0.07086523,0.07086522,0.07100162,0.071005,0.07103796,0.07105115,0.07107538,46.08062578,0.01,1.0,2.723,1.2054505,4.95398894,23.0133,3.0,0.23751519,6.0,"20180628 09:23:49.520090","20180628 09:23:49.000000",1
110,0.07100188,1.38066448,0.0710001,0.07096778,0.07094943,0.07086523,0.07086522,0.07100188,0.071005,0.07103796,0.07105115,0.07107538,46.08062578,0.01,1.0,2.723,1.2054505,4.95398894,23.0133,3.0,0.23751519,6.0,"20180628 09:23:48.659183","20180628 09:23:49.000000",2
71,0.07100188,1.38066448,0.0710001,0.07096778,0.07094943,0.07086523,0.07086522,0.07100188,0.071005,0.07103796,0.07105115,0.07107538,46.08062578,0.01,1.0,2.723,1.2054505,6.33465342,23.0133,3.0,0.23751519,6.0,"20180628 09:23:48.267870","20180628 09:23:49.000000",2
294,0.07100188,1.38066448,0.0710001,0.07096778,0.07094943,0.07086523,0.07086522,0.07100162,0.071005,0.07103796,0.07105115,0.07107538,46.08062578,0.01,1.0,2.723,1.2054505,4.95398894,23.0133,3.0,0.23751519,6.0,"20180628 09:23:49.392146","20180628 09:23:49.000000",2
111,0.07100188,1.38066448,0.0710001,0.07096778,0.07094943,0.07086523,0.07086522,0.07100162,0.071005,0.07103796,0.07105115,0.07107538,46.08062578,0.01,1.0,2.723,1.2054505,4.95398894,23.0133,3.0,0.23751519,6.0,"20180628 09:23:50.453096","20180628 09:23:49.000000",1
72,0.07100188,1.38066448,0.0710001,0.07096778,0.07094943,0.07086523,0.07086522,0.07100162,0.071005,0.07103796,0.07105115,0.07107538,46.08062578,0.01,1.0,2.723,1.2054505,4.95398894,23.0133,3.0,0.23751519,6.0,"20180628 09:23:50.777672","20180628 09:23:49.000000",1
288,0.07100188,1.38066448,0.0710001,0.07096778,0.07094943,0.07086523,0.07086522,0.07100162,0.071005,0.07103796,0.07105115,0.07107538,46.08062578,0.01,1.0,2.723,1.2054505,4.95398894,23.0133,3.0,0.23751519,6.0,"20180628 09:23:56.095415","20180628 09:23:49.000000",1
87,0.0710001,0.90172946,0.0710001,0.07096778,0.07094943,0.07086523,0.07086522,0.07100162,0.071005,0.07103796,0.07105115,0.07107538,46.08062578,0.01,1.0,2.723,1.2054505,4.95398894,23.0133,3.0,0.23751519,6.0,"20180628 09:23:49.520090","20180628 09:24:11.000000",2
88,0.0710001,0.90172946,0.0710001,0.07096778,0.07094943,0.07086523,0.07086522,0.07100162,0.071005,0.07103796,0.07105115,0.07107538,45.17889632,0.01,1.0,2.723,1.2054505,4.95398894,23.0133,3.0,0.23751519,6.0,"20180628 09:24:10.875758","20180628 09:24:11.000000",1
