"id","trade_px","trade_volume","b1","b2","b3","b4","b5","a1","a2","a3","a4","a5","bq1","bq2","bq3","bq4","bq5","aq1","aq2","aq3","aq4","aq5","order_date_time","trades_date_time","update_type"
359,6107.21,0.01381137,6106.64,6104.23,6103.36,6103.35,6102.51,6107.65,6109.34,6112.99,6113.21,6113.99,3.39690696,1.5,0.006345,0.01,1.6345,5.0,0.09002609,1.50613342,0.676174,0.00474264,"20180628 09:20:17.935503","20180628 09:20:15.000000",1
49,6107.21,0.01381137,6106.64,6104.23,6103.36,6103.35,6102.51,6107.65,6109.34,6112.99,6113.21,6113.99,3.39690696,1.5,0.006345,0.01,1.6345,5.0,0.09002609,1.50613342,0.676174,0.00474264,"20180628 09:20:17.939730","20180628 09:20:15.000000",1
373,6107.21,0.01381137,6106.64,6104.23,6103.36,6103.35,6102.51,6107.65,6109.34,6112.99,6113.21,6113.99,3.39690696,1.5,0.006345,0.01,1.6345,5.0,0.09002609,1.50613342,0.676174,0.00474264,"20180628 09:20:17.940232","20180628 09:20:15.000000",1
19,6107.21,0.01381137,6106.64,6104.23,6103.36,6103.35,6102.51,6107.65,6109.34,6112.99,6113.21,6113.99,3.39690696,1.5,0.006345,0.01,1.6345,5.0,0.09002609,1.50613342,0.676174,0.00474264,"20180628 09:20:17.942786","20180628 09:20:15.000000",1
712,6107.21,0.01381137,6106.64,6104.23,6103.36,6103.35,6102.51,6107.65,6109.34,6112.99,6113.21,6113.99,3.39690696,1.5,0.006345,0.01,1.6345,5.0,0.09002609,1.50613342,0.676174,0.00474264,"20180628 09:20:17.943676","20180628 09:20:15.000000",1
1,0.0,0.0,6106.64,6104.23,6103.36,6103.35,6102.51,6107.65,6109.34,6112.99,6113.21,6113.99,3.39690696,1.5,0.006345,0.01,1.6345,5.0,0.09002609,1.50613342,0.676174,0.00474264,"20180628 09:20:18.983956","20000101 00:00:00.000000",1
360,6107.21,0.01381137,6106.64,6104.23,6103.36,6103.35,6102.51,6107.65,6109.34,6112.99,6113.21,6113.99,3.39690696,1.5,0.006345,0.01,1.6345,5.0,0.09002609,1.50613342,0.676174,0.00645982,"20180628 09:20:20.011371","20180628 09:20:15.000000",1
374,6107.21,0.01381137,6106.64,6104.23,6103.36,6103.35,6102.51,6107.65,6109.34,6112.99,6113.21,6113.99,3.39690696,1.5,0.006345,0.01,1.6345,5.0,0.09002609,1.50613342,0.676174,0.00645982,"20180628 09:20:20.016745","20180628 09:20:15.000000",1
50,6107.21,0.01381137,6106.64,6104.23,6103.36,6103.35,6102.51,6107.65,6109.34,6112.99,6113.21,6113.99,3.39690696,1.5,0.006345,0.01,1.6345,5.0,0.09002609,1.50613342,0.676174,0.00645982,"20180628 09:20:20.018057","20180628 09:20:15.000000",1
713,6107.21,0.01381137,6106.64,6104.23,6103.36,6103.35,6102.51,6107.65,6109.34,6112.99,6113.21,6113.99,3.39690696,1.5,0.006345,0.01,1.6345,5.0,0.09002609,1.50613342,0.676174,0.00645982,"20180628 09:20:20.019288","20180628 09:20:15.000000",1
2,0.0,0.0,6106.64,6104.23,6103.36,6103.35,6102.51,6107.65,6109.34,6112.99,6113.21,6113.99,3.39690696,1.5,0.006345,0.01,1.6345,5.0,0.09002609,1.50613342,0.676174,0.00645982,"20180628 09:20:20.021632","20000101 00:00:00.000000",1
20,6107.21,0.01381137,6106.64,6104.23,6103.36,6103.35,6102.51,6107.65,6109.34,6112.99,6113.21,6113.99,3.39690696,1.5,0.006345,0.01,1.6345,5.0,0.09002609,1.50613342,0.676174,0.00645982,"20180628 09:20:20.021719","20180628 09:20:15.000000",1
361,6107.21,0.01381137,6106.64,6104.23,6103.36,6103.35,6102.51,6107.65,6112.99,6113.21,6113.99,6114.45,3.39690696,1.5,0.006345,0.01,1.6345,5.0,1.50613342,0.676174,0.00850428,1.6339,"20180628 09:20:22.105561","20180628 09:20:15.000000",1
51,6107.21,0.01381137,6106.64,6104.23,6103.36,6103.35,6102.51,6107.65,6112.99,6113.21,6113.99,6114.45,3.39690696,1.5,0.006345,0.01,1.6345,5.0,1.50613342,0.676174,0.00850428,1.6339,"20180628 09:20:22.108854","20180628 09:20:15.000000",1
714,6107.21,0.01381137,6106.64,6104.23,6103.36,6103.35,6102.51,6107.65,6112.99,6113.21,6113.99,6114.45,3.39690696,1.5,0.006345,0.01,1.6345,5.0,1.50613342,0.676174,0.00850428,1.6339,"20180628 09:20:22.114540","20180628 09:20:15.000000",1
375,6107.21,0.01381137,6106.64,6104.23,6103.36,6103.35,6102.51,6107.65,6112.99,6113.21,6113.99,6114.45,3.39690696,1.5,0.006345,0.01,1.6345,5.0,1.50613342,0.676174,0.00850428,1.6339,"20180628 09:20:22.115909","20180628 09:20:15.000000",1
21,6107.21,0.01381137,6106.64,6104.23,6103.36,6103.35,6102.51,6107.65,6112.99,6113.21,6113.99,6114.45,3.39690696,1.5,0.006345,0.01,1.6345,5.0,1.50613342,0.676174,0.00850428,1.6339,"20180628 09:20:22.119644","20180628 09:20:15.000000",1
3,0.0,0.0,6106.64,6104.23,6103.36,6103.35,6102.51,6107.65,6112.99,6113.21,6113.99,6114.45,3.39690696,1.5,0.006345,0.01,1.6345,5.0,1.50613342,0.676174,0.00850428,1.6339,"20180628 09:20:22.139733","20000101 00:00:00.000000",1
362,6107.21,0.01381137,6106.64,6104.23,6103.36,6103.35,6102.51,6107.64,6107.65,6112.99,6113.21,6113.99,3.39690696,1.5,0.006345,0.01,1.6345,0.09002609,5.0,1.50613342,0.676174,0.00850428,"20180628 09:20:23.180404","20180628 09:20:15.000000",1
376,6107.21,0.01381137,6106.64,6104.23,6103.36,6103.35,6102.51,6107.64,6107.65,6112.99,6113.21,6113.99,3.39690696,1.5,0.006345,0.01,1.6345,0.09002609,5.0,1.50613342,0.676174,0.00850428,"20180628 09:20:23.182632","20180628 09:20:15.000000",1
4,0.0,0.0,6106.64,6104.23,6103.36,6103.35,6102.51,6107.64,6107.65,6112.99,6113.21,6113.99,3.39690696,1.5,0.006345,0.01,1.6345,0.09002609,5.0,1.50613342,0.676174,0.00850428,"20180628 09:20:23.184549","20000101 00:00:00.000000",1
52,6107.21,0.01381137,6106.64,6104.23,6103.36,6103.35,6102.51,6107.64,6107.65,6112.99,6113.21,6113.99,3.39690696,1.5,0.006345,0.01,1.6345,0.09002609,5.0,1.50613342,0.676174,0.00850428,"20180628 09:20:23.186653","20180628 09:20:15.000000",1
22,6107.21,0.01381137,6106.64,6104.23,6103.36,6103.35,6102.51,6107.64,6107.65,6112.99,6113.21,6113.99,3.39690696,1.5,0.006345,0.01,1.6345,0.09002609,5.0,1.50613342,0.676174,0.00850428,"20180628 09:20:23.187581","20180628 09:20:15.000000",1
715,6107.21,0.01381137,6106.64,6104.23,6103.36,6103.35,6102.51,6107.64,6107.65,6112.99,6113.21,6113.99,3.39690696,1.5,0.006345,0.01,1.6345,0.09002609,5.0,1.50613342,0.676174,0.00850428,"20180628 09:20:23.187965","20180628 09:20:15.000000",1
363,6107.21,0.01381137,6106.64,6104.23,6103.36,6103.35,6102.44,6107.64,6107.65,6112.99,6113.21,6113.99,3.39690696,1.5,0.006345,0.01,5.7,0.09002609,5.0,1.50613342,0.676174,0.00850428,"20180628 09:20:24.218911","20180628 09:20:15.000000",1
377,6107.21,0.01381137,6106.64,6104.23,6103.36,6103.35,6102.44,6107.64,6107.65,6112.99,6113.21,6113.99,3.39690696,1.5,0.006345,0.01,5.7,0.09002609,5.0,1.50613342,0.676174,0.00850428,"20180628 09:20:24.221171","20180628 09:20:15.000000",1
53,6107.21,0.01381137,6106.64,6104.23,6103.36,6103.35,6102.44,6107.64,6107.65,6112.99,6113.21,6113.99,3.39690696,1.5,0.006345,0.01,5.7,0.09002609,5.0,1.50613342,0.676174,0.00850428,"20180628 09:20:24.222634","20180628 09:20:15.000000",1
5,0.0,0.0,6106.64,6104.23,6103.36,6103.35,6102.44,6107.64,6107.65,6112.99,6113.21,6113.99,3.39690696,1.5,0.006345,0.01,5.7,0.09002609,5.0,1.50613342,0.676174,0.00850428,"20180628 09:20:24.224777","20000101 00:00:00.000000",1
716,6107.21,0.01381137,6106.64,6104.23,6103.36,6103.35,6102.44,6107.64,6107.65,6112.99,6113.21,6113.99,3.39690696,1.5,0.006345,0.01,5.7,0.09002609,5.0,1.50613342,0.676174,0.00850428,"20180628 09:20:24.225396","20180628 09:20:15.000000",1
23,6107.21,0.01381137,6106.64,6104.23,6103.36,6103.35,6102.44,6107.64,6107.65,6112.99,6113.21,6113.99,3.39690696,1.5,0.006345,0.01,5.7,0.09002609,5.0,1.50613342,0.676174,0.00850428,"20180628 09:20:24.226144","20180628 09:20:15.000000",1
364,6107.21,0.01381137,6106.64,6104.23,6103.36,6103.35,6102.4,6107.64,6107.65,6112.99,6113.21,6113.99,3.39690696,1.5,0.006345,0.01,6.1639,0.09002609,5.0,1.50613342,0.676174,0.00850428,"20180628 09:20:34.654682","20180628 09:20:15.000000",1
378,6107.21,0.01381137,6106.64,6104.23,6103.36,6103.35,6102.4,6107.64,6107.65,6112.99,6113.21,6113.99,3.39690696,1.5,0.006345,0.01,6.1639,0.09002609,5.0,1.50613342,0.676174,0.00850428,"20180628 09:20:34.658328","20180628 09:20:15.000000",1
6,0.0,0.0,6106.64,6104.23,6103.36,6103.35,6102.4,6107.64,6107.65,6112.99,6113.21,6113.99,3.39690696,1.5,0.006345,0.01,6.1639,0.09002609,5.0,1.50613342,0.676174,0.00850428,"20180628 09:20:34.660567","20000101 00:00:00.000000",1
717,6107.21,0.01381137,6106.64,6104.23,6103.36,6103.35,6102.4,6107.64,6107.65,6112.99,6113.21,6113.99,3.39690696,1.5,0.006345,0.01,6.1639,0.09002609,5.0,1.50613342,0.676174,0.00850428,"20180628 09:20:34.661281","20180628 09:20:15.000000",1
54,6107.21,0.01381137,6106.64,6104.23,6103.36,6103.35,6102.4,6107.64,6107.65,6112.99,6113.21,6113.99,3.39690696,1.5,0.006345,0.01,6.1639,0.09002609,5.0,1.50613342,0.676174,0.00850428,"20180628 09:20:34.747656","20180628 09:20:15.000000",1
24,6107.21,0.01381137,6106.64,6104.23,6103.36,6103.35,6102.4,6107.64,6107.65,6112.99,6113.21,6113.99,3.39690696,1.5,0.006345,0.01,6.1639,0.09002609,5.0,1.50613342,0.676174,0.00850428,"20180628 09:20:34.753881","20180628 09:20:15.000000",1
365,6107.21,0.01381137,6106.64,6104.23,6103.36,6103.35,6102.45,6107.64,6107.65,6112.99,6113.21,6113.99,3.39690696,1.5,0.006345,0.01,9.591,0.09002609,5.0,1.50613342,0.676174,0.00850428,"20180628 09:20:35.701668","20180628 09:20:15.000000",1
379,6107.21,0.01381137,6106.64,6104.23,6103.36,6103.35,6102.45,6107.64,6107.65,6112.99,6113.21,6113.99,3.39690696,1.5,0.006345,0.01,9.591,0.09002609,5.0,1.50613342,0.676174,0.00850428,"20180628 09:20:35.705661","20180628 09:20:15.000000",1
55,6107.21,0.01381137,6106.64,6104.23,6103.36,6103.35,6102.45,6107.64,6107.65,6112.99,6113.21,6113.99,3.39690696,1.5,0.006345,0.01,9.591,0.09002609,5.0,1.50613342,0.676174,0.00850428,"20180628 09:20:35.706416","20180628 09:20:15.000000",1
25,6107.21,0.01381137,6106.64,6104.23,6103.36,6103.35,6102.45,6107.64,6107.65,6112.99,6113.21,6113.99,3.39690696,1.5,0.006345,0.01,9.591,0.09002609,5.0,1.50613342,0.676174,0.00850428,"20180628 09:20:35.711259","20180628 09:20:15.000000",1
718,6107.21,0.01381137,6106.64,6104.23,6103.36,6103.35,6102.45,6107.64,6107.65,6112.99,6113.21,6113.99,3.39690696,1.5,0.006345,0.01,9.591,0.09002609,5.0,1.50613342,0.676174,0.00850428,"20180628 09:20:35.715461","20180628 09:20:15.000000",1
7,0.0,0.0,6106.64,6104.23,6103.36,6103.35,6102.45,6107.64,6107.65,6112.99,6113.21,6113.99,3.39690696,1.5,0.006345,0.01,9.591,0.09002609,5.0,1.50613342,0.676174,0.00850428,"20180628 09:20:35.740006","20000101 00:00:00.000000",1
366,6107.21,0.01381137,6106.64,6104.23,6103.36,6103.35,6102.46,6107.64,6107.65,6112.99,6113.21,6113.99,3.39690696,1.5,0.006345,0.01,6.0,0.09002609,5.0,1.50613342,0.676174,0.00850428,"20180628 09:20:36.743771","20180628 09:20:15.000000",1
380,6107.21,0.01381137,6106.64,6104.23,6103.36,6103.35,6102.46,6107.64,6107.65,6112.99,6113.21,6113.99,3.39690696,1.5,0.006345,0.01,6.0,0.09002609,5.0,1.50613342,0.676174,0.00850428,"20180628 09:20:36.744929","20180628 09:20:15.000000",1
8,0.0,0.0,6106.64,6104.23,6103.36,6103.35,6102.46,6107.64,6107.65,6112.99,6113.21,6113.99,3.39690696,1.5,0.006345,0.01,6.0,0.09002609,5.0,1.50613342,0.676174,0.00850428,"20180628 09:20:36.747373","20000101 00:00:00.000000",1
719,6107.21,0.01381137,6106.64,6104.23,6103.36,6103.35,6102.46,6107.64,6107.65,6112.99,6113.21,6113.99,3.39690696,1.5,0.006345,0.01,6.0,0.09002609,5.0,1.50613342,0.676174,0.00850428,"20180628 09:20:36.748873","20180628 09:20:15.000000",1
56,6107.21,0.01381137,6106.64,6104.23,6103.36,6103.35,6102.46,6107.64,6107.65,6112.99,6113.21,6113.99,3.39690696,1.5,0.006345,0.01,6.0,0.09002609,5.0,1.50613342,0.676174,0.00850428,"20180628 09:20:36.750016","20180628 09:20:15.000000",1
26,6107.21,0.01381137,6106.64,6104.23,6103.36,6103.35,6102.46,6107.64,6107.65,6112.99,6113.21,6113.99,3.39690696,1.5,0.006345,0.01,6.0,0.09002609,5.0,1.50613342,0.676174,0.00850428,"20180628 09:20:36.752023","20180628 09:20:15.000000",1
367,6107.64,0.09002609,6106.64,6104.23,6103.36,6103.35,6102.46,6107.64,6107.65,6112.99,6113.21,6113.99,3.39690696,1.5,0.006345,0.01,6.0,0.09002609,5.0,1.50613342,0.676174,0.00850428,"20180628 09:20:38.814305","20180628 09:20:39.000000",2
381,6107.64,0.09002609,6106.64,6104.23,6103.36,6103.35,6102.46,6107.64,6107.65,6112.99,6113.21,6113.99,3.39690696,1.5,0.006345,0.01,6.0,0.09002609,5.0,1.50613342,0.676174,0.00850428,"20180628 09:20:38.821187","20180628 09:20:39.000000",2
9,6107.64,0.09002609,6106.64,6104.23,6103.36,6103.35,6102.46,6107.64,6107.65,6112.99,6113.21,6113.99,3.39690696,1.5,0.006345,0.01,6.0,0.09002609,5.0,1.50613342,0.676174,0.00850428,"20180628 09:20:38.819331","20180628 09:20:39.000000",2
57,6107.64,0.09002609,6106.64,6104.23,6103.36,6103.35,6102.46,6107.64,6107.65,6112.99,6113.21,6113.99,3.39690696,1.5,0.006345,0.01,6.0,0.09002609,5.0,1.50613342,0.676174,0.00850428,"20180628 09:20:38.826474","20180628 09:20:39.000000",2
27,6107.64,0.09002609,6106.64,6104.23,6103.36,6103.35,6102.46,6107.64,6107.65,6112.99,6113.21,6113.99,3.39690696,1.5,0.006345,0.01,6.0,0.09002609,5.0,1.50613342,0.676174,0.00850428,"20180628 09:20:38.828957","20180628 09:20:39.000000",2
720,6107.64,0.09002609,6106.64,6104.23,6103.36,6103.35,6102.46,6107.64,6107.65,6112.99,6113.21,6113.99,3.39690696,1.5,0.006345,0.01,6.0,0.09002609,5.0,1.50613342,0.676174,0.00850428,"20180628 09:20:38.820942","20180628 09:20:39.000000",2
368,6107.65,0.31110234,6106.64,6104.23,6103.36,6103.35,6102.46,6107.64,6107.65,6112.99,6113.21,6113.99,3.39690696,1.5,0.006345,0.01,6.0,0.09002609,5.0,1.50613342,0.676174,0.00850428,"20180628 09:20:38.814305","20180628 09:20:39.000000",2
58,6107.65,0.31110234,6106.64,6104.23,6103.36,6103.35,6102.46,6107.64,6107.65,6112.99,6113.21,6113.99,3.39690696,1.5,0.006345,0.01,6.0,0.09002609,5.0,1.50613342,0.676174,0.00850428,"20180628 09:20:38.826474","20180628 09:20:39.000000",2
382,6107.65,0.31110234,6106.64,6104.23,6103.36,6103.35,6102.46,6107.64,6107.65,6112.99,6113.21,6113.99,3.39690696,1.5,0.006345,0.01,6.0,0.09002609,5.0,1.50613342,0.676174,0.00850428,"20180628 09:20:38.821187","20180628 09:20:39.000000",2
10,6107.65,0.31110234,6106.64,6104.23,6103.36,6103.35,6102.46,6107.64,6107.65,6112.99,6113.21,6113.99,3.39690696,1.5,0.006345,0.01,6.0,0.09002609,5.0,1.50613342,0.676174,0.00850428,"20180628 09:20:38.819331","20180628 09:20:39.000000",2
721,6107.65,0.31110234,6106.64,6104.23,6103.36,6103.35,6102.46,6107.64,6107.65,6112.99,6113.21,6113.99,3.39690696,1.5,0.006345,0.01,6.0,0.09002609,5.0,1.50613342,0.676174,0.00850428,"20180628 09:20:38.820942","20180628 09:20:39.000000",2
28,6107.65,0.31110234,6106.64,6104.23,6103.36,6103.35,6102.46,6107.64,6107.65,6112.99,6113.21,6113.99,3.39690696,1.5,0.006345,0.01,6.0,0.09002609,5.0,1.50613342,0.676174,0.00850428,"20180628 09:20:38.828957","20180628 09:20:39.000000",2
369,6107.65,0.31110234,6106.64,6104.23,6103.36,6103.35,6102.46,6107.65,6112.99,6113.21,6113.99,6114.45,3.39690696,1.5,0.006345,0.01,6.0,4.68889766,1.50613342,0.676174,0.00850428,1.6339,"20180628 09:20:39.893738","20180628 09:20:39.000000",1
383,6107.65,0.31110234,6106.64,6104.23,6103.36,6103.35,6102.46,6107.65,6112.99,6113.21,6113.99,6114.45,3.39690696,1.5,0.006345,0.01,6.0,4.68889766,1.50613342,0.676174,0.00850428,1.6339,"20180628 09:20:39.898022","20180628 09:20:39.000000",1
11,6107.65,0.31110234,6106.64,6104.23,6103.36,6103.35,6102.46,6107.65,6112.99,6113.21,6113.99,6114.45,3.39690696,1.5,0.006345,0.01,6.0,4.68889766,1.50613342,0.676174,0.00850428,1.6339,"20180628 09:20:39.899368","20180628 09:20:39.000000",1
59,6107.65,0.31110234,6106.64,6104.23,6103.36,6103.35,6102.46,6107.65,6112.99,6113.21,6113.99,6114.45,3.39690696,1.5,0.006345,0.01,6.0,4.68889766,1.50613342,0.676174,0.00850428,1.6339,"20180628 09:20:39.900138","20180628 09:20:39.000000",1
722,6107.65,0.31110234,6106.64,6104.23,6103.36,6103.35,6102.46,6107.65,6112.99,6113.21,6113.99,6114.45,3.39690696,1.5,0.006345,0.01,6.0,4.68889766,1.50613342,0.676174,0.00850428,1.6339,"20180628 09:20:39.900833","20180628 09:20:39.000000",1
29,6107.65,0.31110234,6106.64,6104.23,6103.36,6103.35,6102.46,6107.65,6112.99,6113.21,6113.99,6114.45,3.39690696,1.5,0.006345,0.01,6.0,4.68889766,1.50613342,0.676174,0.00850428,1.6339,"20180628 09:20:39.903684","20180628 09:20:39.000000",1
370,6107.65,0.31110234,6107.66,6107.57,6104.23,6103.36,6103.35,6108.8,6112.99,6113.21,6113.99,6114.45,0.61678954,3.7080093,1.5,0.006345,0.01,5.0,1.50613342,0.676174,0.00850428,1.6339,"20180628 09:20:40.926419","20180628 09:20:39.000000",1
384,6107.65,0.31110234,6107.66,6107.57,6104.23,6103.36,6103.35,6108.8,6112.99,6113.21,6113.99,6114.45,0.61678954,3.7080093,1.5,0.006345,0.01,5.0,1.50613342,0.676174,0.00850428,1.6339,"20180628 09:20:40.929989","20180628 09:20:39.000000",1
60,6107.65,0.31110234,6107.66,6107.57,6104.23,6103.36,6103.35,6108.8,6112.99,6113.21,6113.99,6114.45,0.61678954,3.7080093,1.5,0.006345,0.01,5.0,1.50613342,0.676174,0.00850428,1.6339,"20180628 09:20:40.932282","20180628 09:20:39.000000",1
723,6107.65,0.31110234,6107.66,6107.57,6104.23,6103.36,6103.35,6108.8,6112.99,6113.21,6113.99,6114.45,0.61678954,3.7080093,1.5,0.006345,0.01,5.0,1.50613342,0.676174,0.00850428,1.6339,"20180628 09:20:40.935999","20180628 09:20:39.000000",1
12,6107.65,0.31110234,6107.66,6107.57,6104.23,6103.36,6103.35,6108.8,6112.99,6113.21,6113.99,6114.45,0.61678954,3.7080093,1.5,0.006345,0.01,5.0,1.50613342,0.676174,0.00850428,1.6339,"20180628 09:20:40.937516","20180628 09:20:39.000000",1
30,6107.65,0.31110234,6107.66,6107.57,6104.23,6103.36,6103.35,6108.8,6112.99,6113.21,6113.99,6114.45,0.61678954,3.7080093,1.5,0.006345,0.01,5.0,1.50613342,0.676174,0.00850428,1.6339,"20180628 09:20:40.941323","20180628 09:20:39.000000",1
371,6107.65,0.31110234,6107.57,6104.23,6103.36,6103.35,6102.46,6108.8,6112.99,6113.21,6113.99,6114.45,3.7080093,1.5,0.006345,0.01,6.0,5.0,1.50613342,0.676174,0.00850428,1.6339,"20180628 09:20:41.959796","20180628 09:20:39.000000",1
61,6107.65,0.31110234,6107.57,6104.23,6103.36,6103.35,6102.46,6108.8,6112.99,6113.21,6113.99,6114.45,3.7080093,1.5,0.006345,0.01,6.0,5.0,1.50613342,0.676174,0.00850428,1.6339,"20180628 09:20:41.968534","20180628 09:20:39.000000",1
13,6107.65,0.31110234,6107.57,6104.23,6103.36,6103.35,6102.46,6108.8,6112.99,6113.21,6113.99,6114.45,3.7080093,1.5,0.006345,0.01,6.0,5.0,1.50613342,0.676174,0.00850428,1.6339,"20180628 09:20:41.967908","20180628 09:20:39.000000",1
724,6107.65,0.31110234,6107.57,6104.23,6103.36,6103.35,6102.46,6108.8,6112.99,6113.21,6113.99,6114.45,3.7080093,1.5,0.006345,0.01,6.0,5.0,1.50613342,0.676174,0.00850428,1.6339,"20180628 09:20:41.971491","20180628 09:20:39.000000",1
31,6107.65,0.31110234,6107.57,6104.23,6103.36,6103.35,6102.46,6108.8,6112.99,6113.21,6113.99,6114.45,3.7080093,1.5,0.006345,0.01,6.0,5.0,1.50613342,0.676174,0.00850428,1.6339,"20180628 09:20:41.977833","20180628 09:20:39.000000",1
385,6107.65,0.31110234,6107.57,6104.23,6103.36,6103.35,6102.46,6108.8,6112.99,6113.21,6113.99,6114.45,3.7080093,1.5,0.006345,0.01,6.0,5.0,1.50613342,0.676174,0.00850428,1.6339,"20180628 09:20:41.993552","20180628 09:20:39.000000",1
372,6107.65,0.31110234,6107.57,6104.23,6103.36,6103.35,6102.4,6108.8,6112.99,6113.21,6113.99,6114.45,3.7080093,1.5,0.006345,0.01,6.1639,5.0,1.50613342,0.676174,0.00850428,1.6339,"20180628 09:20:48.227331","20180628 09:20:39.000000",1
386,6107.65,0.31110234,6107.57,6104.23,6103.36,6103.35,6102.4,6108.8,6112.99,6113.21,6113.99,6114.45,3.7080093,1.5,0.006345,0.01,6.1639,5.0,1.50613342,0.676174,0.00850428,1.6339,"20180628 09:20:48.228739","20180628 09:20:39.000000",1
725,6107.65,0.31110234,6107.57,6104.23,6103.36,6103.35,6102.4,6108.8,6112.99,6113.21,6113.99,6114.45,3.7080093,1.5,0.006345,0.01,6.1639,5.0,1.50613342,0.676174,0.00850428,1.6339,"20180628 09:20:48.232129","20180628 09:20:39.000000",1
32,6107.65,0.31110234,6107.57,6104.23,6103.36,6103.35,6102.4,6108.8,6112.99,6113.21,6113.99,6114.45,3.7080093,1.5,0.006345,0.01,6.1639,5.0,1.50613342,0.676174,0.00850428,1.6339,"20180628 09:20:48.232368","20180628 09:20:39.000000",1
14,6107.65,0.31110234,6107.57,6104.23,6103.36,6103.35,6102.4,6108.8,6112.99,6113.21,6113.99,6114.45,3.7080093,1.5,0.006345,0.01,6.1639,5.0,1.50613342,0.676174,0.00850428,1.6339,"20180628 09:20:48.232907","20180628 09:20:39.000000",1
62,6107.65,0.31110234,6107.57,6104.23,6103.36,6103.35,6102.4,6108.8,6112.99,6113.21,6113.99,6114.45,3.7080093,1.5,0.006345,0.01,6.1639,5.0,1.50613342,0.676174,0.00850428,1.6339,"20180628 09:20:48.234050","20180628 09:20:39.000000",1
63,6107.65,0.31110234,6107.57,6104.23,6103.36,6103.35,6102.47,6108.8,6112.99,6113.21,6113.99,6114.45,3.7080093,1.5,0.006345,0.01,9.591,5.0,1.50613342,0.676174,0.00850428,1.6339,"20180628 09:20:49.286460","20180628 09:20:39.000000",1
15,6107.65,0.31110234,6107.57,6104.23,6103.36,6103.35,6102.47,6108.8,6112.99,6113.21,6113.99,6114.45,3.7080093,1.5,0.006345,0.01,9.591,5.0,1.50613342,0.676174,0.00850428,1.6339,"20180628 09:20:49.286671","20180628 09:20:39.000000",1
33,6107.65,0.31110234,6107.57,6104.23,6103.36,6103.35,6102.47,6108.8,6112.99,6113.21,6113.99,6114.45,3.7080093,1.5,0.006345,0.01,9.591,5.0,1.50613342,0.676174,0.00850428,1.6339,"20180628 09:20:49.289597","20180628 09:20:39.000000",1
373,6107.65,0.31110234,6107.57,6104.23,6103.36,6103.35,6102.47,6108.8,6112.99,6113.21,6113.99,6114.45,3.7080093,1.5,0.006345,0.01,9.591,5.0,1.50613342,0.676174,0.00850428,1.6339,"20180628 09:20:49.290151","20180628 09:20:39.000000",1
726,6107.65,0.31110234,6107.57,6104.23,6103.36,6103.35,6102.47,6108.8,6112.99,6113.21,6113.99,6114.45,3.7080093,1.5,0.006345,0.01,9.591,5.0,1.50613342,0.676174,0.00850428,1.6339,"20180628 09:20:49.289644","20180628 09:20:39.000000",1
387,6107.65,0.31110234,6107.57,6104.23,6103.36,6103.35,6102.47,6108.8,6112.99,6113.21,6113.99,6114.45,3.7080093,1.5,0.006345,0.01,9.591,5.0,1.50613342,0.676174,0.00850428,1.6339,"20180628 09:20:49.292159","20180628 09:20:39.000000",1
374,6107.65,0.31110234,6107.57,6104.23,6103.36,6103.35,6102.48,6108.8,6112.99,6113.21,6113.99,6114.45,3.7080093,1.5,0.006345,0.01,6.9233,5.0,1.50613342,0.676174,0.00850428,1.6339,"20180628 09:20:50.317966","20180628 09:20:39.000000",1
388,6107.65,0.31110234,6107.57,6104.23,6103.36,6103.35,6102.48,6108.8,6112.99,6113.21,6113.99,6114.45,3.7080093,1.5,0.006345,0.01,6.9233,5.0,1.50613342,0.676174,0.00850428,1.6339,"20180628 09:20:50.323697","20180628 09:20:39.000000",1
64,6107.65,0.31110234,6107.57,6104.23,6103.36,6103.35,6102.48,6108.8,6112.99,6113.21,6113.99,6114.45,3.7080093,1.5,0.006345,0.01,6.9233,5.0,1.50613342,0.676174,0.00850428,1.6339,"20180628 09:20:50.325254","20180628 09:20:39.000000",1
727,6107.65,0.31110234,6107.57,6104.23,6103.36,6103.35,6102.48,6108.8,6112.99,6113.21,6113.99,6114.45,3.7080093,1.5,0.006345,0.01,6.9233,5.0,1.50613342,0.676174,0.00850428,1.6339,"20180628 09:20:50.326654","20180628 09:20:39.000000",1
34,6107.65,0.31110234,6107.57,6104.23,6103.36,6103.35,6102.48,6108.8,6112.99,6113.21,6113.99,6114.45,3.7080093,1.5,0.006345,0.01,6.9233,5.0,1.50613342,0.676174,0.00850428,1.6339,"20180628 09:20:50.327289","20180628 09:20:39.000000",1
16,6107.65,0.31110234,6107.57,6104.23,6103.36,6103.35,6102.48,6108.8,6112.99,6113.21,6113.99,6114.45,3.7080093,1.5,0.006345,0.01,6.9233,5.0,1.50613342,0.676174,0.00850428,1.6339,"20180628 09:20:50.328522","20180628 09:20:39.000000",1
375,6108.8,0.014525,6107.57,6104.23,6103.36,6103.35,6102.48,6108.8,6112.99,6113.21,6113.99,6114.45,3.7080093,1.5,0.006345,0.01,6.9233,5.0,1.50613342,0.676174,0.00850428,1.6339,"20180628 09:20:50.317966","20180628 09:20:50.000000",2
389,6108.8,0.014525,6107.57,6104.23,6103.36,6103.35,6102.48,6108.8,6112.99,6113.21,6113.99,6114.45,3.7080093,1.5,0.006345,0.01,6.9233,5.0,1.50613342,0.676174,0.00850428,1.6339,"20180628 09:20:50.323697","20180628 09:20:50.000000",2
17,6108.8,0.014525,6107.57,6104.23,6103.36,6103.35,6102.48,6108.8,6112.99,6113.21,6113.99,6114.45,3.7080093,1.5,0.006345,0.01,6.9233,5.0,1.50613342,0.676174,0.00850428,1.6339,"20180628 09:20:50.328522","20180628 09:20:50.000000",2
65,6108.8,0.014525,6107.57,6104.23,6103.36,6103.35,6102.48,6108.8,6112.99,6113.21,6113.99,6114.45,3.7080093,1.5,0.006345,0.01,6.9233,5.0,1.50613342,0.676174,0.00850428,1.6339,"20180628 09:20:50.325254","20180628 09:20:50.000000",2
728,6108.8,0.014525,6107.57,6104.23,6103.36,6103.35,6102.48,6108.8,6112.99,6113.21,6113.99,6114.45,3.7080093,1.5,0.006345,0.01,6.9233,5.0,1.50613342,0.676174,0.00850428,1.6339,"20180628 09:20:50.326654","20180628 09:20:50.000000",2
35,6108.8,0.014525,6107.57,6104.23,6103.36,6103.35,6102.48,6108.8,6112.99,6113.21,6113.99,6114.45,3.7080093,1.5,0.006345,0.01,6.9233,5.0,1.50613342,0.676174,0.00850428,1.6339,"20180628 09:20:50.327289","20180628 09:20:50.000000",2
18,6108.8,0.014525,6109.07,6108.45,6104.23,6103.36,6103.35,6109.68,6112.99,6113.21,6113.99,6114.45,5.52798631,3.7225343,1.5,0.006345,0.01,5.0,1.50613342,0.676174,0.00850428,1.6339,"20180628 09:20:51.372370","20180628 09:20:50.000000",1
390,6108.8,0.014525,6109.07,6108.45,6104.23,6103.36,6103.35,6109.68,6112.99,6113.21,6113.99,6114.45,5.52798631,3.7225343,1.5,0.006345,0.01,5.0,1.50613342,0.676174,0.00850428,1.6339,"20180628 09:20:51.375307","20180628 09:20:50.000000",1
376,6108.8,0.014525,6109.07,6108.45,6104.23,6103.36,6103.35,6109.68,6112.99,6113.21,6113.99,6114.45,5.52798631,3.7225343,1.5,0.006345,0.01,5.0,1.50613342,0.676174,0.00850428,1.6339,"20180628 09:20:51.379931","20180628 09:20:50.000000",1
66,6108.8,0.014525,6109.07,6108.45,6104.23,6103.36,6103.35,6109.68,6112.99,6113.21,6113.99,6114.45,5.52798631,3.7225343,1.5,0.006345,0.01,5.0,1.50613342,0.676174,0.00850428,1.6339,"20180628 09:20:51.381085","20180628 09:20:50.000000",1
36,6108.8,0.014525,6109.07,6108.45,6104.23,6103.36,6103.35,6109.68,6112.99,6113.21,6113.99,6114.45,5.52798631,3.7225343,1.5,0.006345,0.01,5.0,1.50613342,0.676174,0.00850428,1.6339,"20180628 09:20:51.383740","20180628 09:20:50.000000",1
729,6108.8,0.014525,6109.07,6108.45,6104.23,6103.36,6103.35,6109.68,6112.99,6113.21,6113.99,6114.45,5.52798631,3.7225343,1.5,0.006345,0.01,5.0,1.50613342,0.676174,0.00850428,1.6339,"20180628 09:20:51.384317","20180628 09:20:50.000000",1
377,6108.8,0.014525,6108.45,6104.23,6103.36,6103.35,6102.48,6109.68,6112.99,6113.21,6113.99,6114.55,3.7225343,1.5,0.006345,0.01,6.9233,5.0,1.50613342,0.676174,0.00850428,0.96935483,"20180628 09:20:52.381438","20180628 09:20:50.000000",1
391,6108.8,0.014525,6108.45,6104.23,6103.36,6103.35,6102.48,6109.68,6112.99,6113.21,6113.99,6114.55,3.7225343,1.5,0.006345,0.01,6.9233,5.0,1.50613342,0.676174,0.00850428,0.96935483,"20180628 09:20:52.384683","20180628 09:20:50.000000",1
67,6108.8,0.014525,6108.45,6104.23,6103.36,6103.35,6102.48,6109.68,6112.99,6113.21,6113.99,6114.55,3.7225343,1.5,0.006345,0.01,6.9233,5.0,1.50613342,0.676174,0.00850428,0.96935483,"20180628 09:20:52.385066","20180628 09:20:50.000000",1
19,6108.8,0.014525,6108.45,6104.23,6103.36,6103.35,6102.48,6109.68,6112.99,6113.21,6113.99,6114.55,3.7225343,1.5,0.006345,0.01,6.9233,5.0,1.50613342,0.676174,0.00850428,0.96935483,"20180628 09:20:52.385696","20180628 09:20:50.000000",1
37,6108.8,0.014525,6108.45,6104.23,6103.36,6103.35,6102.48,6109.68,6112.99,6113.21,6113.99,6114.55,3.7225343,1.5,0.006345,0.01,6.9233,5.0,1.50613342,0.676174,0.00850428,0.96935483,"20180628 09:20:52.387175","20180628 09:20:50.000000",1
730,6108.8,0.014525,6108.45,6104.23,6103.36,6103.35,6102.48,6109.68,6112.99,6113.21,6113.99,6114.55,3.7225343,1.5,0.006345,0.01,6.9233,5.0,1.50613342,0.676174,0.00850428,0.96935483,"20180628 09:20:52.389031","20180628 09:20:50.000000",1
378,6109.08,0.09000391,6108.45,6104.23,6103.36,6103.35,6102.48,6109.68,6112.99,6113.21,6113.99,6114.55,3.7225343,1.5,0.006345,0.01,6.9233,5.0,1.50613342,0.676174,0.00850428,0.96935483,"20180628 09:20:52.381438","20180628 09:20:52.000000",2
392,6109.08,0.09000391,6108.45,6104.23,6103.36,6103.35,6102.48,6109.68,6112.99,6113.21,6113.99,6114.55,3.7225343,1.5,0.006345,0.01,6.9233,5.0,1.50613342,0.676174,0.00850428,0.96935483,"20180628 09:20:52.384683","20180628 09:20:52.000000",2
68,6109.08,0.09000391,6108.45,6104.23,6103.36,6103.35,6102.48,6109.68,6112.99,6113.21,6113.99,6114.55,3.7225343,1.5,0.006345,0.01,6.9233,5.0,1.50613342,0.676174,0.00850428,0.96935483,"20180628 09:20:52.385066","20180628 09:20:52.000000",2
20,6109.08,0.09000391,6108.45,6104.23,6103.36,6103.35,6102.48,6109.68,6112.99,6113.21,6113.99,6114.55,3.7225343,1.5,0.006345,0.01,6.9233,5.0,1.50613342,0.676174,0.00850428,0.96935483,"20180628 09:20:52.385696","20180628 09:20:52.000000",2
731,6109.08,0.09000391,6108.45,6104.23,6103.36,6103.35,6102.48,6109.68,6112.99,6113.21,6113.99,6114.55,3.7225343,1.5,0.006345,0.01,6.9233,5.0,1.50613342,0.676174,0.00850428,0.96935483,"20180628 09:20:52.389031","20180628 09:20:52.000000",2
38,6109.08,0.09000391,6108.45,6104.23,6103.36,6103.35,6102.48,6109.68,6112.99,6113.21,6113.99,6114.55,3.7225343,1.5,0.006345,0.01,6.9233,5.0,1.50613342,0.676174,0.00850428,0.96935483,"20180628 09:20:52.387175","20180628 09:20:52.000000",2
69,6109.08,0.09000391,6108.45,6104.23,6103.36,6103.35,6102.48,6109.68,6112.99,6113.21,6113.99,6114.45,3.10982432,1.5,0.006345,0.01,6.9233,5.0,1.50613342,0.676174,0.00850428,1.6351,"20180628 09:20:53.435856","20180628 09:20:52.000000",1
21,6109.08,0.09000391,6108.45,6104.23,6103.36,6103.35,6102.48,6109.68,6112.99,6113.21,6113.99,6114.45,3.10982432,1.5,0.006345,0.01,6.9233,5.0,1.50613342,0.676174,0.00850428,1.6351,"20180628 09:20:53.438068","20180628 09:20:52.000000",1
39,6109.08,0.09000391,6108.45,6104.23,6103.36,6103.35,6102.48,6109.68,6112.99,6113.21,6113.99,6114.45,3.10982432,1.5,0.006345,0.01,6.9233,5.0,1.50613342,0.676174,0.00850428,1.6351,"20180628 09:20:53.441916","20180628 09:20:52.000000",1
732,6109.08,0.09000391,6108.45,6104.23,6103.36,6103.35,6102.48,6109.68,6112.99,6113.21,6113.99,6114.45,3.10982432,1.5,0.006345,0.01,6.9233,5.0,1.50613342,0.676174,0.00850428,1.6351,"20180628 09:20:53.442292","20180628 09:20:52.000000",1
393,6109.08,0.09000391,6108.45,6104.23,6103.36,6103.35,6102.48,6109.68,6112.99,6113.21,6113.99,6114.45,3.10982432,1.5,0.006345,0.01,6.9233,5.0,1.50613342,0.676174,0.00850428,1.6351,"20180628 09:20:53.443706","20180628 09:20:52.000000",1
379,6109.08,0.09000391,6108.45,6104.23,6103.36,6103.35,6102.48,6109.68,6112.99,6113.21,6113.99,6114.45,3.10982432,1.5,0.006345,0.01,6.9233,5.0,1.50613342,0.676174,0.00850428,1.6351,"20180628 09:20:53.444365","20180628 09:20:52.000000",1
394,6109.08,0.09000391,6108.45,6104.23,6103.36,6103.35,6102.48,6109.68,6112.99,6113.21,6113.99,6114.45,1.11390388,1.5,0.006345,0.01,6.9233,5.0,1.50613342,0.676174,0.00850428,1.6351,"20180628 09:20:54.472354","20180628 09:20:52.000000",1
70,6109.08,0.09000391,6108.45,6104.23,6103.36,6103.35,6102.48,6109.68,6112.99,6113.21,6113.99,6114.45,1.11390388,1.5,0.006345,0.01,6.9233,5.0,1.50613342,0.676174,0.00850428,1.6351,"20180628 09:20:54.474278","20180628 09:20:52.000000",1
22,6109.08,0.09000391,6108.45,6104.23,6103.36,6103.35,6102.48,6109.68,6112.99,6113.21,6113.99,6114.45,1.11390388,1.5,0.006345,0.01,6.9233,5.0,1.50613342,0.676174,0.00850428,1.6351,"20180628 09:20:54.476143","20180628 09:20:52.000000",1
733,6109.08,0.09000391,6108.45,6104.23,6103.36,6103.35,6102.48,6109.68,6112.99,6113.21,6113.99,6114.45,1.11390388,1.5,0.006345,0.01,6.9233,5.0,1.50613342,0.676174,0.00850428,1.6351,"20180628 09:20:54.478380","20180628 09:20:52.000000",1
40,6109.08,0.09000391,6108.45,6104.23,6103.36,6103.35,6102.48,6109.68,6112.99,6113.21,6113.99,6114.45,1.11390388,1.5,0.006345,0.01,6.9233,5.0,1.50613342,0.676174,0.00850428,1.6351,"20180628 09:20:54.481302","20180628 09:20:52.000000",1
380,6109.08,0.09000391,6108.45,6104.23,6103.36,6103.35,6102.48,6109.68,6112.99,6113.21,6113.99,6114.45,1.11390388,1.5,0.006345,0.01,6.9233,5.0,1.50613342,0.676174,0.00850428,1.6351,"20180628 09:20:54.509468","20180628 09:20:52.000000",1
381,6109.08,0.09000391,6104.23,6103.36,6103.35,6102.48,6102.47,6108.19,6109.68,6112.99,6113.21,6113.99,1.5,0.006345,0.01,6.9233,9.591,0.61270998,5.0,1.50613342,0.676174,0.00850428,"20180628 09:20:55.513703","20180628 09:20:52.000000",1
395,6109.08,0.09000391,6104.23,6103.36,6103.35,6102.48,6102.47,6108.19,6109.68,6112.99,6113.21,6113.99,1.5,0.006345,0.01,6.9233,9.591,0.61270998,5.0,1.50613342,0.676174,0.00850428,"20180628 09:20:55.515560","20180628 09:20:52.000000",1
71,6109.08,0.09000391,6104.23,6103.36,6103.35,6102.48,6102.47,6108.19,6109.68,6112.99,6113.21,6113.99,1.5,0.006345,0.01,6.9233,9.591,0.61270998,5.0,1.50613342,0.676174,0.00850428,"20180628 09:20:55.516652","20180628 09:20:52.000000",1
23,6109.08,0.09000391,6104.23,6103.36,6103.35,6102.48,6102.47,6108.19,6109.68,6112.99,6113.21,6113.99,1.5,0.006345,0.01,6.9233,9.591,0.61270998,5.0,1.50613342,0.676174,0.00850428,"20180628 09:20:55.518011","20180628 09:20:52.000000",1
734,6109.08,0.09000391,6104.23,6103.36,6103.35,6102.48,6102.47,6108.19,6109.68,6112.99,6113.21,6113.99,1.5,0.006345,0.01,6.9233,9.591,0.61270998,5.0,1.50613342,0.676174,0.00850428,"20180628 09:20:55.518900","20180628 09:20:52.000000",1
41,6109.08,0.09000391,6104.23,6103.36,6103.35,6102.48,6102.47,6108.19,6109.68,6112.99,6113.21,6113.99,1.5,0.006345,0.01,6.9233,9.591,0.61270998,5.0,1.50613342,0.676174,0.00850428,"20180628 09:20:55.519362","20180628 09:20:52.000000",1
382,6109.08,0.09000391,6108.45,6104.23,6103.36,6103.35,6102.48,6109.68,6112.99,6113.21,6113.99,6114.45,1.628,1.5,0.006345,0.01,6.9233,5.0,1.50613342,0.676174,0.00850428,1.6351,"20180628 09:20:56.564706","20180628 09:20:52.000000",1
396,6109.08,0.09000391,6108.45,6104.23,6103.36,6103.35,6102.48,6109.68,6112.99,6113.21,6113.99,6114.45,1.628,1.5,0.006345,0.01,6.9233,5.0,1.50613342,0.676174,0.00850428,1.6351,"20180628 09:20:56.569304","20180628 09:20:52.000000",1
24,6109.08,0.09000391,6108.45,6104.23,6103.36,6103.35,6102.48,6109.68,6112.99,6113.21,6113.99,6114.45,1.628,1.5,0.006345,0.01,6.9233,5.0,1.50613342,0.676174,0.00850428,1.6351,"20180628 09:20:56.572057","20180628 09:20:52.000000",1
735,6109.08,0.09000391,6108.45,6104.23,6103.36,6103.35,6102.48,6109.68,6112.99,6113.21,6113.99,6114.45,1.628,1.5,0.006345,0.01,6.9233,5.0,1.50613342,0.676174,0.00850428,1.6351,"20180628 09:20:56.576805","20180628 09:20:52.000000",1
72,6109.08,0.09000391,6108.45,6104.23,6103.36,6103.35,6102.48,6109.68,6112.99,6113.21,6113.99,6114.45,1.628,1.5,0.006345,0.01,6.9233,5.0,1.50613342,0.676174,0.00850428,1.6351,"20180628 09:20:56.581059","20180628 09:20:52.000000",1
42,6109.08,0.09000391,6108.45,6104.23,6103.36,6103.35,6102.48,6109.68,6112.99,6113.21,6113.99,6114.45,1.628,1.5,0.006345,0.01,6.9233,5.0,1.50613342,0.676174,0.00850428,1.6351,"20180628 09:20:56.584532","20180628 09:20:52.000000",1
383,6109.08,0.09000391,6104.23,6103.36,6103.35,6102.48,6102.47,6107.96,6108.34,6109.68,6112.99,6113.21,3.128,0.006345,0.01,6.9233,9.591,0.61270998,0.38321046,5.0,1.50613342,0.676174,"20180628 09:20:57.602279","20180628 09:20:52.000000",1
43,6109.08,0.09000391,6104.23,6103.36,6103.35,6102.48,6102.47,6107.96,6108.34,6109.68,6112.99,6113.21,3.128,0.006345,0.01,6.9233,9.591,0.61270998,0.38321046,5.0,1.50613342,0.676174,"20180628 09:20:57.606601","20180628 09:20:52.000000",1
73,6109.08,0.09000391,6104.23,6103.36,6103.35,6102.48,6102.47,6107.96,6108.34,6109.68,6112.99,6113.21,3.128,0.006345,0.01,6.9233,9.591,0.61270998,0.38321046,5.0,1.50613342,0.676174,"20180628 09:20:57.607020","20180628 09:20:52.000000",1
736,6109.08,0.09000391,6104.23,6103.36,6103.35,6102.48,6102.47,6107.96,6108.34,6109.68,6112.99,6113.21,3.128,0.006345,0.01,6.9233,9.591,0.61270998,0.38321046,5.0,1.50613342,0.676174,"20180628 09:20:57.610462","20180628 09:20:52.000000",1
25,6109.08,0.09000391,6104.23,6103.36,6103.35,6102.48,6102.47,6107.96,6108.34,6109.68,6112.99,6113.21,3.128,0.006345,0.01,6.9233,9.591,0.61270998,0.38321046,5.0,1.50613342,0.676174,"20180628 09:20:57.611644","20180628 09:20:52.000000",1
397,6109.08,0.09000391,6104.23,6103.36,6103.35,6102.48,6102.47,6107.96,6108.34,6109.68,6112.99,6113.21,3.128,0.006345,0.01,6.9233,9.591,0.61270998,0.38321046,5.0,1.50613342,0.676174,"20180628 09:20:57.613717","20180628 09:20:52.000000",1
384,6109.08,0.09000391,6105.32,6104.23,6103.36,6103.35,6102.48,6109.68,6112.99,6113.21,6113.99,6114.45,1.5,3.128,0.006345,0.01,6.9233,5.0,1.50613342,0.676174,0.00850428,1.6351,"20180628 09:20:58.638948","20180628 09:20:52.000000",1
26,6109.08,0.09000391,6105.32,6104.23,6103.36,6103.35,6102.48,6109.68,6112.99,6113.21,6113.99,6114.45,1.5,3.128,0.006345,0.01,6.9233,5.0,1.50613342,0.676174,0.00850428,1.6351,"20180628 09:20:58.644609","20180628 09:20:52.000000",1
74,6109.08,0.09000391,6105.32,6104.23,6103.36,6103.35,6102.48,6109.68,6112.99,6113.21,6113.99,6114.45,1.5,3.128,0.006345,0.01,6.9233,5.0,1.50613342,0.676174,0.00850428,1.6351,"20180628 09:20:58.642762","20180628 09:20:52.000000",1
737,6109.08,0.09000391,6105.32,6104.23,6103.36,6103.35,6102.48,6109.68,6112.99,6113.21,6113.99,6114.45,1.5,3.128,0.006345,0.01,6.9233,5.0,1.50613342,0.676174,0.00850428,1.6351,"20180628 09:20:58.646132","20180628 09:20:52.000000",1
398,6109.08,0.09000391,6105.32,6104.23,6103.36,6103.35,6102.48,6109.68,6112.99,6113.21,6113.99,6114.45,1.5,3.128,0.006345,0.01,6.9233,5.0,1.50613342,0.676174,0.00850428,1.6351,"20180628 09:20:58.647529","20180628 09:20:52.000000",1
44,6109.08,0.09000391,6105.32,6104.23,6103.36,6103.35,6102.48,6109.68,6112.99,6113.21,6113.99,6114.45,1.5,3.128,0.006345,0.01,6.9233,5.0,1.50613342,0.676174,0.00850428,1.6351,"20180628 09:20:58.651005","20180628 09:20:52.000000",1
385,6107.95,0.09004658,6105.32,6104.23,6103.36,6103.35,6102.48,6109.68,6112.99,6113.21,6113.99,6114.45,1.5,3.128,0.006345,0.01,6.9233,5.0,1.50613342,0.676174,0.00850428,1.6351,"20180628 09:20:58.638948","20180628 09:20:58.000000",2
75,6107.95,0.09004658,6105.32,6104.23,6103.36,6103.35,6102.48,6109.68,6112.99,6113.21,6113.99,6114.45,1.5,3.128,0.006345,0.01,6.9233,5.0,1.50613342,0.676174,0.00850428,1.6351,"20180628 09:20:58.642762","20180628 09:20:58.000000",2
27,6107.95,0.09004658,6105.32,6104.23,6103.36,6103.35,6102.48,6109.68,6112.99,6113.21,6113.99,6114.45,1.5,3.128,0.006345,0.01,6.9233,5.0,1.50613342,0.676174,0.00850428,1.6351,"20180628 09:20:58.644609","20180628 09:20:58.000000",2
738,6107.95,0.09004658,6105.32,6104.23,6103.36,6103.35,6102.48,6109.68,6112.99,6113.21,6113.99,6114.45,1.5,3.128,0.006345,0.01,6.9233,5.0,1.50613342,0.676174,0.00850428,1.6351,"20180628 09:20:58.646132","20180628 09:20:58.000000",2
399,6107.95,0.09004658,6105.32,6104.23,6103.36,6103.35,6102.48,6109.68,6112.99,6113.21,6113.99,6114.45,1.5,3.128,0.006345,0.01,6.9233,5.0,1.50613342,0.676174,0.00850428,1.6351,"20180628 09:20:58.647529","20180628 09:20:58.000000",2
45,6107.95,0.09004658,6105.32,6104.23,6103.36,6103.35,6102.48,6109.68,6112.99,6113.21,6113.99,6114.45,1.5,3.128,0.006345,0.01,6.9233,5.0,1.50613342,0.676174,0.00850428,1.6351,"20180628 09:20:58.651005","20180628 09:20:58.000000",2
28,6107.95,0.09004658,6108.34,6105.32,6104.23,6103.36,6103.35,6109.68,6112.99,6113.21,6113.99,6114.45,0.14759526,1.5,3.128,0.006345,0.01,5.0,0.00613342,0.676174,0.00850428,1.6351,"20180628 09:20:59.693356","20180628 09:20:58.000000",1
76,6107.95,0.09004658,6108.34,6105.32,6104.23,6103.36,6103.35,6109.68,6112.99,6113.21,6113.99,6114.45,0.14759526,1.5,3.128,0.006345,0.01,5.0,0.00613342,0.676174,0.00850428,1.6351,"20180628 09:20:59.694055","20180628 09:20:58.000000",1
386,6107.95,0.09004658,6108.34,6105.32,6104.23,6103.36,6103.35,6109.68,6112.99,6113.21,6113.99,6114.45,0.14759526,1.5,3.128,0.006345,0.01,5.0,0.00613342,0.676174,0.00850428,1.6351,"20180628 09:20:59.696849","20180628 09:20:58.000000",1
739,6107.95,0.09004658,6108.34,6105.32,6104.23,6103.36,6103.35,6109.68,6112.99,6113.21,6113.99,6114.45,0.14759526,1.5,3.128,0.006345,0.01,5.0,0.00613342,0.676174,0.00850428,1.6351,"20180628 09:20:59.698089","20180628 09:20:58.000000",1
400,6107.95,0.09004658,6108.34,6105.32,6104.23,6103.36,6103.35,6109.68,6112.99,6113.21,6113.99,6114.45,0.14759526,1.5,3.128,0.006345,0.01,5.0,0.00613342,0.676174,0.00850428,1.6351,"20180628 09:20:59.700311","20180628 09:20:58.000000",1
46,6107.95,0.09004658,6108.34,6105.32,6104.23,6103.36,6103.35,6109.68,6112.99,6113.21,6113.99,6114.45,0.14759526,1.5,3.128,0.006345,0.01,5.0,0.00613342,0.676174,0.00850428,1.6351,"20180628 09:20:59.706871","20180628 09:20:58.000000",1
387,6109.68,0.16452664,6108.34,6105.32,6104.23,6103.36,6103.35,6109.68,6112.99,6113.21,6113.99,6114.45,0.14759526,1.5,3.128,0.006345,0.01,5.0,0.00613342,0.676174,0.00850428,1.6351,"20180628 09:20:59.696849","20180628 09:20:59.000000",2
401,6109.68,0.16452664,6108.34,6105.32,6104.23,6103.36,6103.35,6109.68,6112.99,6113.21,6113.99,6114.45,0.14759526,1.5,3.128,0.006345,0.01,5.0,0.00613342,0.676174,0.00850428,1.6351,"20180628 09:20:59.700311","20180628 09:20:59.000000",2
77,6109.68,0.16452664,6108.34,6105.32,6104.23,6103.36,6103.35,6109.68,6112.99,6113.21,6113.99,6114.45,0.14759526,1.5,3.128,0.006345,0.01,5.0,0.00613342,0.676174,0.00850428,1.6351,"20180628 09:20:59.694055","20180628 09:20:59.000000",2
29,6109.68,0.16452664,6108.34,6105.32,6104.23,6103.36,6103.35,6109.68,6112.99,6113.21,6113.99,6114.45,0.14759526,1.5,3.128,0.006345,0.01,5.0,0.00613342,0.676174,0.00850428,1.6351,"20180628 09:20:59.693356","20180628 09:20:59.000000",2
47,6109.68,0.16452664,6108.34,6105.32,6104.23,6103.36,6103.35,6109.68,6112.99,6113.21,6113.99,6114.45,0.14759526,1.5,3.128,0.006345,0.01,5.0,0.00613342,0.676174,0.00850428,1.6351,"20180628 09:20:59.706871","20180628 09:20:59.000000",2
740,6109.68,0.16452664,6108.34,6105.32,6104.23,6103.36,6103.35,6109.68,6112.99,6113.21,6113.99,6114.45,0.14759526,1.5,3.128,0.006345,0.01,5.0,0.00613342,0.676174,0.00850428,1.6351,"20180628 09:20:59.698089","20180628 09:20:59.000000",2
388,6109.68,0.16452664,6105.32,6104.23,6103.36,6103.35,6102.48,6109.68,6112.99,6113.21,6113.99,6114.45,1.5,1.5,0.006345,0.01,6.9233,4.83547336,0.00613342,0.676174,0.00850428,1.6351,"20180628 09:21:00.721005","20180628 09:20:59.000000",1
402,6109.68,0.16452664,6105.32,6104.23,6103.36,6103.35,6102.48,6109.68,6112.99,6113.21,6113.99,6114.45,1.5,1.5,0.006345,0.01,6.9233,4.83547336,0.00613342,0.676174,0.00850428,1.6351,"20180628 09:21:00.724509","20180628 09:20:59.000000",1
78,6109.68,0.16452664,6105.32,6104.23,6103.36,6103.35,6102.48,6109.68,6112.99,6113.21,6113.99,6114.45,1.5,1.5,0.006345,0.01,6.9233,4.83547336,0.00613342,0.676174,0.00850428,1.6351,"20180628 09:21:00.724694","20180628 09:20:59.000000",1
741,6109.68,0.16452664,6105.32,6104.23,6103.36,6103.35,6102.48,6109.68,6112.99,6113.21,6113.99,6114.45,1.5,1.5,0.006345,0.01,6.9233,4.83547336,0.00613342,0.676174,0.00850428,1.6351,"20180628 09:21:00.726483","20180628 09:20:59.000000",1
30,6109.68,0.16452664,6105.32,6104.23,6103.36,6103.35,6102.48,6109.68,6112.99,6113.21,6113.99,6114.45,1.5,1.5,0.006345,0.01,6.9233,4.83547336,0.00613342,0.676174,0.00850428,1.6351,"20180628 09:21:00.727853","20180628 09:20:59.000000",1
48,6109.68,0.16452664,6105.32,6104.23,6103.36,6103.35,6102.48,6109.68,6112.99,6113.21,6113.99,6114.45,1.5,1.5,0.006345,0.01,6.9233,4.83547336,0.00613342,0.676174,0.00850428,1.6351,"20180628 09:21:00.731378","20180628 09:20:59.000000",1
389,6109.68,0.16452664,6107.56,6105.32,6104.23,6103.36,6103.35,6108.79,6112.99,6113.21,6113.99,6114.45,3.88706094,1.5,1.5,0.006345,0.01,5.0,0.00613342,0.676174,0.00850428,1.6351,"20180628 09:21:01.766582","20180628 09:20:59.000000",1
31,6109.68,0.16452664,6107.56,6105.32,6104.23,6103.36,6103.35,6108.79,6112.99,6113.21,6113.99,6114.45,3.88706094,1.5,1.5,0.006345,0.01,5.0,0.00613342,0.676174,0.00850428,1.6351,"20180628 09:21:01.772226","20180628 09:20:59.000000",1
403,6109.68,0.16452664,6107.56,6105.32,6104.23,6103.36,6103.35,6108.79,6112.99,6113.21,6113.99,6114.45,3.88706094,1.5,1.5,0.006345,0.01,5.0,0.00613342,0.676174,0.00850428,1.6351,"20180628 09:21:01.773193","20180628 09:20:59.000000",1
742,6109.68,0.16452664,6107.56,6105.32,6104.23,6103.36,6103.35,6108.79,6112.99,6113.21,6113.99,6114.45,3.88706094,1.5,1.5,0.006345,0.01,5.0,0.00613342,0.676174,0.00850428,1.6351,"20180628 09:21:01.774267","20180628 09:20:59.000000",1
79,6109.68,0.16452664,6107.56,6105.32,6104.23,6103.36,6103.35,6108.79,6112.99,6113.21,6113.99,6114.45,3.88706094,1.5,1.5,0.006345,0.01,5.0,0.00613342,0.676174,0.00850428,1.6351,"20180628 09:21:01.775459","20180628 09:20:59.000000",1
49,6109.68,0.16452664,6107.56,6105.32,6104.23,6103.36,6103.35,6108.79,6112.99,6113.21,6113.99,6114.45,3.88706094,1.5,1.5,0.006345,0.01,5.0,0.00613342,0.676174,0.00850428,1.6351,"20180628 09:21:01.777539","20180628 09:20:59.000000",1
390,6109.68,0.16452664,6107.56,6105.32,6104.23,6103.36,6103.35,6108.79,6112.99,6113.21,6113.99,6114.55,3.88706094,3.128,1.5,0.006345,0.01,3.61270998,0.00613342,0.676174,0.00850428,0.96935483,"20180628 09:21:02.834177","20180628 09:20:59.000000",1
404,6109.68,0.16452664,6107.56,6105.32,6104.23,6103.36,6103.35,6108.79,6112.99,6113.21,6113.99,6114.55,3.88706094,3.128,1.5,0.006345,0.01,3.61270998,0.00613342,0.676174,0.00850428,0.96935483,"20180628 09:21:02.841206","20180628 09:20:59.000000",1
50,6109.68,0.16452664,6107.56,6105.32,6104.23,6103.36,6103.35,6108.79,6112.99,6113.21,6113.99,6114.55,3.88706094,3.128,1.5,0.006345,0.01,3.61270998,0.00613342,0.676174,0.00850428,0.96935483,"20180628 09:21:02.841965","20180628 09:20:59.000000",1
80,6109.68,0.16452664,6107.56,6105.32,6104.23,6103.36,6103.35,6108.79,6112.99,6113.21,6113.99,6114.55,3.88706094,3.128,1.5,0.006345,0.01,3.61270998,0.00613342,0.676174,0.00850428,0.96935483,"20180628 09:21:02.842725","20180628 09:20:59.000000",1
32,6109.68,0.16452664,6107.56,6105.32,6104.23,6103.36,6103.35,6108.79,6112.99,6113.21,6113.99,6114.55,3.88706094,3.128,1.5,0.006345,0.01,3.61270998,0.00613342,0.676174,0.00850428,0.96935483,"20180628 09:21:02.845630","20180628 09:20:59.000000",1
743,6109.68,0.16452664,6107.56,6105.32,6104.23,6103.36,6103.35,6108.79,6112.99,6113.21,6113.99,6114.55,3.88706094,3.128,1.5,0.006345,0.01,3.61270998,0.00613342,0.676174,0.00850428,0.96935483,"20180628 09:21:02.848485","20180628 09:20:59.000000",1
391,6109.68,0.16452664,6107.56,6105.32,6104.23,6103.36,6103.35,6108.79,6112.99,6113.21,6113.99,6114.55,3.88706094,3.158,1.5,0.006345,0.01,3.61270998,0.00613342,0.676174,0.00850428,0.96935483,"20180628 09:21:04.917461","20180628 09:20:59.000000",1
405,6109.68,0.16452664,6107.56,6105.32,6104.23,6103.36,6103.35,6108.79,6112.99,6113.21,6113.99,6114.55,3.88706094,3.158,1.5,0.006345,0.01,3.61270998,0.00613342,0.676174,0.00850428,0.96935483,"20180628 09:21:04.918830","20180628 09:20:59.000000",1
744,6109.68,0.16452664,6107.56,6105.32,6104.23,6103.36,6103.35,6108.79,6112.99,6113.21,6113.99,6114.55,3.88706094,3.158,1.5,0.006345,0.01,3.61270998,0.00613342,0.676174,0.00850428,0.96935483,"20180628 09:21:04.924929","20180628 09:20:59.000000",1
51,6109.68,0.16452664,6107.56,6105.32,6104.23,6103.36,6103.35,6108.79,6112.99,6113.21,6113.99,6114.55,3.88706094,3.158,1.5,0.006345,0.01,3.61270998,0.00613342,0.676174,0.00850428,0.96935483,"20180628 09:21:04.927702","20180628 09:20:59.000000",1
81,6109.68,0.16452664,6107.56,6105.32,6104.23,6103.36,6103.35,6108.79,6112.99,6113.21,6113.99,6114.55,3.88706094,3.158,1.5,0.006345,0.01,3.61270998,0.00613342,0.676174,0.00850428,0.96935483,"20180628 09:21:04.930945","20180628 09:20:59.000000",1
33,6109.68,0.16452664,6107.56,6105.32,6104.23,6103.36,6103.35,6108.79,6112.99,6113.21,6113.99,6114.55,3.88706094,3.158,1.5,0.006345,0.01,3.61270998,0.00613342,0.676174,0.00850428,0.96935483,"20180628 09:21:04.931917","20180628 09:20:59.000000",1
392,6109.68,0.16452664,6107.57,6107.56,6105.32,6104.23,6103.36,6108.79,6112.99,6113.21,6113.99,6114.55,0.09005227,3.88706094,1.628,1.5,0.006345,3.61270998,0.00613342,0.676174,0.01152966,0.96935483,"20180628 09:21:05.964362","20180628 09:20:59.000000",1
406,6109.68,0.16452664,6107.57,6107.56,6105.32,6104.23,6103.36,6108.79,6112.99,6113.21,6113.99,6114.55,0.09005227,3.88706094,1.628,1.5,0.006345,3.61270998,0.00613342,0.676174,0.01152966,0.96935483,"20180628 09:21:05.966348","20180628 09:20:59.000000",1
82,6109.68,0.16452664,6107.57,6107.56,6105.32,6104.23,6103.36,6108.79,6112.99,6113.21,6113.99,6114.55,0.09005227,3.88706094,1.628,1.5,0.006345,3.61270998,0.00613342,0.676174,0.01152966,0.96935483,"20180628 09:21:05.969510","20180628 09:20:59.000000",1
52,6109.68,0.16452664,6107.57,6107.56,6105.32,6104.23,6103.36,6108.79,6112.99,6113.21,6113.99,6114.55,0.09005227,3.88706094,1.628,1.5,0.006345,3.61270998,0.00613342,0.676174,0.01152966,0.96935483,"20180628 09:21:05.978277","20180628 09:20:59.000000",1
745,6109.68,0.16452664,6107.57,6107.56,6105.32,6104.23,6103.36,6108.79,6112.99,6113.21,6113.99,6114.55,0.09005227,3.88706094,1.628,1.5,0.006345,3.61270998,0.00613342,0.676174,0.01152966,0.96935483,"20180628 09:21:05.982510","20180628 09:20:59.000000",1
34,6109.68,0.16452664,6107.57,6107.56,6105.32,6104.23,6103.36,6108.79,6112.99,6113.21,6113.99,6114.55,0.09005227,3.88706094,1.628,1.5,0.006345,3.61270998,0.00613342,0.676174,0.01152966,0.96935483,"20180628 09:21:05.983907","20180628 09:20:59.000000",1
393,6109.68,0.16452664,6107.57,6107.56,6105.32,6104.23,6103.36,6108.79,6112.99,6113.21,6113.99,6114.55,0.09005227,3.88706094,1.628,1.5,0.006345,1.60863042,0.00613342,0.676174,0.01152966,0.96935483,"20180628 09:21:07.000413","20180628 09:20:59.000000",1
35,6109.68,0.16452664,6107.57,6107.56,6105.32,6104.23,6103.36,6108.79,6112.99,6113.21,6113.99,6114.55,0.09005227,3.88706094,1.628,1.5,0.006345,1.60863042,0.00613342,0.676174,0.01152966,0.96935483,"20180628 09:21:07.009363","20180628 09:20:59.000000",1
83,6109.68,0.16452664,6107.57,6107.56,6105.32,6104.23,6103.36,6108.79,6112.99,6113.21,6113.99,6114.55,0.09005227,3.88706094,1.628,1.5,0.006345,1.60863042,0.00613342,0.676174,0.01152966,0.96935483,"20180628 09:21:07.013304","20180628 09:20:59.000000",1
746,6109.68,0.16452664,6107.57,6107.56,6105.32,6104.23,6103.36,6108.79,6112.99,6113.21,6113.99,6114.55,0.09005227,3.88706094,1.628,1.5,0.006345,1.60863042,0.00613342,0.676174,0.01152966,0.96935483,"20180628 09:21:07.016981","20180628 09:20:59.000000",1
53,6109.68,0.16452664,6107.57,6107.56,6105.32,6104.23,6103.36,6108.79,6112.99,6113.21,6113.99,6114.55,0.09005227,3.88706094,1.628,1.5,0.006345,1.60863042,0.00613342,0.676174,0.01152966,0.96935483,"20180628 09:21:07.020016","20180628 09:20:59.000000",1
407,6109.68,0.16452664,6107.57,6107.56,6105.32,6104.23,6103.36,6108.79,6112.99,6113.21,6113.99,6114.55,0.09005227,3.88706094,1.628,1.5,0.006345,1.60863042,0.00613342,0.676174,0.01152966,0.96935483,"20180628 09:21:07.021756","20180628 09:20:59.000000",1
394,6109.68,0.16452664,6107.57,6107.56,6105.32,6104.23,6103.36,6108.79,6112.99,6113.21,6113.99,6114.55,0.09005227,3.88706094,1.628,1.5,0.006345,1.60863042,0.00613342,0.676174,0.01308343,0.96935483,"20180628 09:21:08.031515","20180628 09:20:59.000000",1
84,6109.68,0.16452664,6107.57,6107.56,6105.32,6104.23,6103.36,6108.79,6112.99,6113.21,6113.99,6114.55,0.09005227,3.88706094,1.628,1.5,0.006345,1.60863042,0.00613342,0.676174,0.01308343,0.96935483,"20180628 09:21:08.034795","20180628 09:20:59.000000",1
408,6109.68,0.16452664,6107.57,6107.56,6105.32,6104.23,6103.36,6108.79,6112.99,6113.21,6113.99,6114.55,0.09005227,3.88706094,1.628,1.5,0.006345,1.60863042,0.00613342,0.676174,0.01308343,0.96935483,"20180628 09:21:08.032516","20180628 09:20:59.000000",1
747,6109.68,0.16452664,6107.57,6107.56,6105.32,6104.23,6103.36,6108.79,6112.99,6113.21,6113.99,6114.55,0.09005227,3.88706094,1.628,1.5,0.006345,1.60863042,0.00613342,0.676174,0.01308343,0.96935483,"20180628 09:21:08.040738","20180628 09:20:59.000000",1
54,6109.68,0.16452664,6107.57,6107.56,6105.32,6104.23,6103.36,6108.79,6112.99,6113.21,6113.99,6114.55,0.09005227,3.88706094,1.628,1.5,0.006345,1.60863042,0.00613342,0.676174,0.01308343,0.96935483,"20180628 09:21:08.041663","20180628 09:20:59.000000",1
36,6109.68,0.16452664,6107.57,6107.56,6105.32,6104.23,6103.36,6108.79,6112.99,6113.21,6113.99,6114.55,0.09005227,3.88706094,1.628,1.5,0.006345,1.60863042,0.00613342,0.676174,0.01308343,0.96935483,"20180628 09:21:08.045085","20180628 09:20:59.000000",1
395,6109.68,0.16452664,6107.57,6107.56,6105.32,6104.23,6103.36,6108.79,6112.99,6113.21,6113.99,6114.55,0.09005227,3.88706094,1.628,1.5,0.006345,0.2213404,0.00408899,0.676174,0.01414643,0.96935483,"20180628 09:21:09.064065","20180628 09:20:59.000000",1
409,6109.68,0.16452664,6107.57,6107.56,6105.32,6104.23,6103.36,6108.79,6112.99,6113.21,6113.99,6114.55,0.09005227,3.88706094,1.628,1.5,0.006345,0.2213404,0.00408899,0.676174,0.01414643,0.96935483,"20180628 09:21:09.068295","20180628 09:20:59.000000",1
85,6109.68,0.16452664,6107.57,6107.56,6105.32,6104.23,6103.36,6108.79,6112.99,6113.21,6113.99,6114.55,0.09005227,3.88706094,1.628,1.5,0.006345,0.2213404,0.00408899,0.676174,0.01414643,0.96935483,"20180628 09:21:09.068756","20180628 09:20:59.000000",1
748,6109.68,0.16452664,6107.57,6107.56,6105.32,6104.23,6103.36,6108.79,6112.99,6113.21,6113.99,6114.55,0.09005227,3.88706094,1.628,1.5,0.006345,0.2213404,0.00408899,0.676174,0.01414643,0.96935483,"20180628 09:21:09.070823","20180628 09:20:59.000000",1
37,6109.68,0.16452664,6107.57,6107.56,6105.32,6104.23,6103.36,6108.79,6112.99,6113.21,6113.99,6114.55,0.09005227,3.88706094,1.628,1.5,0.006345,0.2213404,0.00408899,0.676174,0.01414643,0.96935483,"20180628 09:21:09.072410","20180628 09:20:59.000000",1
55,6109.68,0.16452664,6107.57,6107.56,6105.32,6104.23,6103.36,6108.79,6112.99,6113.21,6113.99,6114.55,0.09005227,3.88706094,1.628,1.5,0.006345,0.2213404,0.00408899,0.676174,0.01414643,0.96935483,"20180628 09:21:09.072824","20180628 09:20:59.000000",1
410,6109.68,0.16452664,6108.96,6107.57,6107.56,6105.32,6104.23,6112.99,6113.21,6113.99,6114.99,6117.06,0.39544914,0.09005227,3.88706094,1.64014921,1.5,0.00408899,0.676174,0.01414643,0.00106295,0.12375,"20180628 09:21:10.124059","20180628 09:20:59.000000",1
396,6109.68,0.16452664,6108.96,6107.57,6107.56,6105.32,6104.23,6112.99,6113.21,6113.99,6114.99,6117.06,0.39544914,0.09005227,3.88706094,1.64014921,1.5,0.00408899,0.676174,0.01414643,0.00106295,0.12375,"20180628 09:21:10.121108","20180628 09:20:59.000000",1
749,6109.68,0.16452664,6108.96,6107.57,6107.56,6105.32,6104.23,6112.99,6113.21,6113.99,6114.99,6117.06,0.39544914,0.09005227,3.88706094,1.64014921,1.5,0.00408899,0.676174,0.01414643,0.00106295,0.12375,"20180628 09:21:10.128461","20180628 09:20:59.000000",1
38,6109.68,0.16452664,6108.96,6107.57,6107.56,6105.32,6104.23,6112.99,6113.21,6113.99,6114.99,6117.06,0.39544914,0.09005227,3.88706094,1.64014921,1.5,0.00408899,0.676174,0.01414643,0.00106295,0.12375,"20180628 09:21:10.130003","20180628 09:20:59.000000",1
86,6109.68,0.16452664,6108.96,6107.57,6107.56,6105.32,6104.23,6112.99,6113.21,6113.99,6114.99,6117.06,0.39544914,0.09005227,3.88706094,1.64014921,1.5,0.00408899,0.676174,0.01414643,0.00106295,0.12375,"20180628 09:21:10.147934","20180628 09:20:59.000000",1
56,6109.68,0.16452664,6108.96,6107.57,6107.56,6105.32,6104.23,6112.99,6113.21,6113.99,6114.99,6117.06,0.39544914,0.09005227,3.88706094,1.64014921,1.5,0.00408899,0.676174,0.01414643,0.00106295,0.12375,"20180628 09:21:10.150800","20180628 09:20:59.000000",1
397,6109.68,0.16452664,6107.56,6105.32,6104.23,6103.36,6103.35,6112.2,6112.99,6113.21,6113.99,6114.99,3.88706094,0.01214921,1.5,0.006345,0.01,2.02564517,0.00408899,0.676174,0.01414643,0.00106295,"20180628 09:21:11.161573","20180628 09:20:59.000000",1
411,6109.68,0.16452664,6107.56,6105.32,6104.23,6103.36,6103.35,6112.2,6112.99,6113.21,6113.99,6114.99,3.88706094,0.01214921,1.5,0.006345,0.01,2.02564517,0.00408899,0.676174,0.01414643,0.00106295,"20180628 09:21:11.162167","20180628 09:20:59.000000",1
87,6109.68,0.16452664,6107.56,6105.32,6104.23,6103.36,6103.35,6112.2,6112.99,6113.21,6113.99,6114.99,3.88706094,0.01214921,1.5,0.006345,0.01,2.02564517,0.00408899,0.676174,0.01414643,0.00106295,"20180628 09:21:11.164623","20180628 09:20:59.000000",1
39,6109.68,0.16452664,6107.56,6105.32,6104.23,6103.36,6103.35,6112.2,6112.99,6113.21,6113.99,6114.99,3.88706094,0.01214921,1.5,0.006345,0.01,2.02564517,0.00408899,0.676174,0.01414643,0.00106295,"20180628 09:21:11.166594","20180628 09:20:59.000000",1
750,6109.68,0.16452664,6107.56,6105.32,6104.23,6103.36,6103.35,6112.2,6112.99,6113.21,6113.99,6114.99,3.88706094,0.01214921,1.5,0.006345,0.01,2.02564517,0.00408899,0.676174,0.01414643,0.00106295,"20180628 09:21:11.167109","20180628 09:20:59.000000",1
57,6109.68,0.16452664,6107.56,6105.32,6104.23,6103.36,6103.35,6112.2,6112.99,6113.21,6113.99,6114.99,3.88706094,0.01214921,1.5,0.006345,0.01,2.02564517,0.00408899,0.676174,0.01414643,0.00106295,"20180628 09:21:11.169712","20180628 09:20:59.000000",1
398,6109.68,0.16452664,6107.56,6105.32,6104.23,6103.36,6103.35,6112.2,6112.99,6113.21,6113.99,6114.99,3.88706094,0.01214921,1.5,0.006345,0.01,2.02564517,0.00408918,0.676174,0.01414643,0.00106295,"20180628 09:21:12.197626","20180628 09:20:59.000000",1
58,6109.68,0.16452664,6107.56,6105.32,6104.23,6103.36,6103.35,6112.2,6112.99,6113.21,6113.99,6114.99,3.88706094,0.01214921,1.5,0.006345,0.01,2.02564517,0.00408918,0.676174,0.01414643,0.00106295,"20180628 09:21:12.198318","20180628 09:20:59.000000",1
412,6109.68,0.16452664,6107.56,6105.32,6104.23,6103.36,6103.35,6112.2,6112.99,6113.21,6113.99,6114.99,3.88706094,0.01214921,1.5,0.006345,0.01,2.02564517,0.00408918,0.676174,0.01414643,0.00106295,"20180628 09:21:12.201145","20180628 09:20:59.000000",1
751,6109.68,0.16452664,6107.56,6105.32,6104.23,6103.36,6103.35,6112.2,6112.99,6113.21,6113.99,6114.99,3.88706094,0.01214921,1.5,0.006345,0.01,2.02564517,0.00408918,0.676174,0.01414643,0.00106295,"20180628 09:21:12.201285","20180628 09:20:59.000000",1
40,6109.68,0.16452664,6107.56,6105.32,6104.23,6103.36,6103.35,6112.2,6112.99,6113.21,6113.99,6114.99,3.88706094,0.01214921,1.5,0.006345,0.01,2.02564517,0.00408918,0.676174,0.01414643,0.00106295,"20180628 09:21:12.202082","20180628 09:20:59.000000",1
88,6109.68,0.16452664,6107.56,6105.32,6104.23,6103.36,6103.35,6112.2,6112.99,6113.21,6113.99,6114.99,3.88706094,0.01214921,1.5,0.006345,0.01,2.02564517,0.00408918,0.676174,0.01414643,0.00106295,"20180628 09:21:12.205112","20180628 09:20:59.000000",1
399,6109.68,0.16452664,6107.56,6105.32,6104.23,6103.36,6103.35,6112.2,6112.99,6113.21,6113.99,6114.99,3.88706094,0.01214921,1.5,0.006345,0.01,2.02564517,0.00441631,0.676174,0.01414643,0.00106295,"20180628 09:21:15.323665","20180628 09:20:59.000000",1
413,6109.68,0.16452664,6107.56,6105.32,6104.23,6103.36,6103.35,6112.2,6112.99,6113.21,6113.99,6114.99,3.88706094,0.01214921,1.5,0.006345,0.01,2.02564517,0.00441631,0.676174,0.01414643,0.00106295,"20180628 09:21:15.327270","20180628 09:20:59.000000",1
41,6109.68,0.16452664,6107.56,6105.32,6104.23,6103.36,6103.35,6112.2,6112.99,6113.21,6113.99,6114.99,3.88706094,0.01214921,1.5,0.006345,0.01,2.02564517,0.00441631,0.676174,0.01414643,0.00106295,"20180628 09:21:15.328043","20180628 09:20:59.000000",1
89,6109.68,0.16452664,6107.56,6105.32,6104.23,6103.36,6103.35,6112.2,6112.99,6113.21,6113.99,6114.99,3.88706094,0.01214921,1.5,0.006345,0.01,2.02564517,0.00441631,0.676174,0.01414643,0.00106295,"20180628 09:21:15.328301","20180628 09:20:59.000000",1
59,6109.68,0.16452664,6107.56,6105.32,6104.23,6103.36,6103.35,6112.2,6112.99,6113.21,6113.99,6114.99,3.88706094,0.01214921,1.5,0.006345,0.01,2.02564517,0.00441631,0.676174,0.01414643,0.00106295,"20180628 09:21:15.329982","20180628 09:20:59.000000",1
752,6109.68,0.16452664,6107.56,6105.32,6104.23,6103.36,6103.35,6112.2,6112.99,6113.21,6113.99,6114.99,3.88706094,0.01214921,1.5,0.006345,0.01,2.02564517,0.00441631,0.676174,0.01414643,0.00106295,"20180628 09:21:15.332287","20180628 09:20:59.000000",1
400,6109.68,0.16452664,6107.56,6105.32,6104.23,6103.36,6103.35,6109.3,6112.2,6112.99,6113.21,6113.99,3.88706094,0.01214921,1.5,0.006345,0.01,5.0,2.02564517,0.00441631,0.676174,0.01414643,"20180628 09:21:16.363493","20180628 09:20:59.000000",1
90,6109.68,0.16452664,6107.56,6105.32,6104.23,6103.36,6103.35,6109.3,6112.2,6112.99,6113.21,6113.99,3.88706094,0.01214921,1.5,0.006345,0.01,5.0,2.02564517,0.00441631,0.676174,0.01414643,"20180628 09:21:16.366665","20180628 09:20:59.000000",1
42,6109.68,0.16452664,6107.56,6105.32,6104.23,6103.36,6103.35,6109.3,6112.2,6112.99,6113.21,6113.99,3.88706094,0.01214921,1.5,0.006345,0.01,5.0,2.02564517,0.00441631,0.676174,0.01414643,"20180628 09:21:16.368556","20180628 09:20:59.000000",1
753,6109.68,0.16452664,6107.56,6105.32,6104.23,6103.36,6103.35,6109.3,6112.2,6112.99,6113.21,6113.99,3.88706094,0.01214921,1.5,0.006345,0.01,5.0,2.02564517,0.00441631,0.676174,0.01414643,"20180628 09:21:16.369302","20180628 09:20:59.000000",1
414,6109.68,0.16452664,6107.56,6105.32,6104.23,6103.36,6103.35,6109.3,6112.2,6112.99,6113.21,6113.99,3.88706094,0.01214921,1.5,0.006345,0.01,5.0,2.02564517,0.00441631,0.676174,0.01414643,"20180628 09:21:16.371697","20180628 09:20:59.000000",1
60,6109.68,0.16452664,6107.56,6105.32,6104.23,6103.36,6103.35,6109.3,6112.2,6112.99,6113.21,6113.99,3.88706094,0.01214921,1.5,0.006345,0.01,5.0,2.02564517,0.00441631,0.676174,0.01414643,"20180628 09:21:16.376124","20180628 09:20:59.000000",1
415,6109.68,0.16452664,6108.97,6107.56,6105.32,6104.23,6103.36,6109.3,6112.09,6112.2,6112.99,6113.21,0.09003163,3.88706094,0.01214921,1.5,0.006345,5.0,1.5,2.02564517,0.00441631,0.676174,"20180628 09:21:17.401027","20180628 09:20:59.000000",1
401,6109.68,0.16452664,6108.97,6107.56,6105.32,6104.23,6103.36,6109.3,6112.09,6112.2,6112.99,6113.21,0.09003163,3.88706094,0.01214921,1.5,0.006345,5.0,1.5,2.02564517,0.00441631,0.676174,"20180628 09:21:17.397049","20180628 09:20:59.000000",1
91,6109.68,0.16452664,6108.97,6107.56,6105.32,6104.23,6103.36,6109.3,6112.09,6112.2,6112.99,6113.21,0.09003163,3.88706094,0.01214921,1.5,0.006345,5.0,1.5,2.02564517,0.00441631,0.676174,"20180628 09:21:17.403162","20180628 09:20:59.000000",1
754,6109.68,0.16452664,6108.97,6107.56,6105.32,6104.23,6103.36,6109.3,6112.09,6112.2,6112.99,6113.21,0.09003163,3.88706094,0.01214921,1.5,0.006345,5.0,1.5,2.02564517,0.00441631,0.676174,"20180628 09:21:17.407237","20180628 09:20:59.000000",1
61,6109.68,0.16452664,6108.97,6107.56,6105.32,6104.23,6103.36,6109.3,6112.09,6112.2,6112.99,6113.21,0.09003163,3.88706094,0.01214921,1.5,0.006345,5.0,1.5,2.02564517,0.00441631,0.676174,"20180628 09:21:17.408867","20180628 09:20:59.000000",1
43,6109.68,0.16452664,6108.97,6107.56,6105.32,6104.23,6103.36,6109.3,6112.09,6112.2,6112.99,6113.21,0.09003163,3.88706094,0.01214921,1.5,0.006345,5.0,1.5,2.02564517,0.00441631,0.676174,"20180628 09:21:17.401620","20180628 09:20:59.000000",1
402,6108.97,0.09003163,6108.97,6107.56,6105.32,6104.23,6103.36,6109.3,6112.09,6112.2,6112.99,6113.21,0.09003163,3.88706094,0.01214921,1.5,0.006345,5.0,1.5,2.02564517,0.00441631,0.676174,"20180628 09:21:17.397049","20180628 09:21:17.000000",2
416,6108.97,0.09003163,6108.97,6107.56,6105.32,6104.23,6103.36,6109.3,6112.09,6112.2,6112.99,6113.21,0.09003163,3.88706094,0.01214921,1.5,0.006345,5.0,1.5,2.02564517,0.00441631,0.676174,"20180628 09:21:17.401027","20180628 09:21:17.000000",2
92,6108.97,0.09003163,6108.97,6107.56,6105.32,6104.23,6103.36,6109.3,6112.09,6112.2,6112.99,6113.21,0.09003163,3.88706094,0.01214921,1.5,0.006345,5.0,1.5,2.02564517,0.00441631,0.676174,"20180628 09:21:17.403162","20180628 09:21:17.000000",2
44,6108.97,0.09003163,6108.97,6107.56,6105.32,6104.23,6103.36,6109.3,6112.09,6112.2,6112.99,6113.21,0.09003163,3.88706094,0.01214921,1.5,0.006345,5.0,1.5,2.02564517,0.00441631,0.676174,"20180628 09:21:17.401620","20180628 09:21:17.000000",2
62,6108.97,0.09003163,6108.97,6107.56,6105.32,6104.23,6103.36,6109.3,6112.09,6112.2,6112.99,6113.21,0.09003163,3.88706094,0.01214921,1.5,0.006345,5.0,1.5,2.02564517,0.00441631,0.676174,"20180628 09:21:17.408867","20180628 09:21:17.000000",2
755,6108.97,0.09003163,6108.97,6107.56,6105.32,6104.23,6103.36,6109.3,6112.09,6112.2,6112.99,6113.21,0.09003163,3.88706094,0.01214921,1.5,0.006345,5.0,1.5,2.02564517,0.00441631,0.676174,"20180628 09:21:17.407237","20180628 09:21:17.000000",2
403,6108.97,0.09003163,6107.56,6105.32,6104.23,6103.36,6103.35,6109.3,6112.2,6112.99,6113.21,6113.99,5.51506094,0.01214921,1.5,0.006345,0.01,5.0,2.02564517,0.00441631,0.676174,0.01414643,"20180628 09:21:18.435212","20180628 09:21:17.000000",1
93,6108.97,0.09003163,6107.56,6105.32,6104.23,6103.36,6103.35,6109.3,6112.2,6112.99,6113.21,6113.99,5.51506094,0.01214921,1.5,0.006345,0.01,5.0,2.02564517,0.00441631,0.676174,0.01414643,"20180628 09:21:18.438274","20180628 09:21:17.000000",1
417,6108.97,0.09003163,6107.56,6105.32,6104.23,6103.36,6103.35,6109.3,6112.2,6112.99,6113.21,6113.99,5.51506094,0.01214921,1.5,0.006345,0.01,5.0,2.02564517,0.00441631,0.676174,0.01414643,"20180628 09:21:18.439299","20180628 09:21:17.000000",1
45,6108.97,0.09003163,6107.56,6105.32,6104.23,6103.36,6103.35,6109.3,6112.2,6112.99,6113.21,6113.99,5.51506094,0.01214921,1.5,0.006345,0.01,5.0,2.02564517,0.00441631,0.676174,0.01414643,"20180628 09:21:18.439635","20180628 09:21:17.000000",1
756,6108.97,0.09003163,6107.56,6105.32,6104.23,6103.36,6103.35,6109.3,6112.2,6112.99,6113.21,6113.99,5.51506094,0.01214921,1.5,0.006345,0.01,5.0,2.02564517,0.00441631,0.676174,0.01414643,"20180628 09:21:18.440217","20180628 09:21:17.000000",1
63,6108.97,0.09003163,6107.56,6105.32,6104.23,6103.36,6103.35,6109.3,6112.2,6112.99,6113.21,6113.99,5.51506094,0.01214921,1.5,0.006345,0.01,5.0,2.02564517,0.00441631,0.676174,0.01414643,"20180628 09:21:18.444484","20180628 09:21:17.000000",1
404,6108.97,0.09003163,6107.56,6105.32,6104.23,6103.36,6103.35,6109.3,6110.0,6112.99,6113.21,6113.99,5.51506094,0.01214921,1.5,0.006345,0.01,5.0,0.68,0.00441631,0.676174,0.01414643,"20180628 09:21:20.531715","20180628 09:21:17.000000",1
94,6108.97,0.09003163,6107.56,6105.32,6104.23,6103.36,6103.35,6109.3,6110.0,6112.99,6113.21,6113.99,5.51506094,0.01214921,1.5,0.006345,0.01,5.0,0.68,0.00441631,0.676174,0.01414643,"20180628 09:21:20.532418","20180628 09:21:17.000000",1
418,6108.97,0.09003163,6107.56,6105.32,6104.23,6103.36,6103.35,6109.3,6110.0,6112.99,6113.21,6113.99,5.51506094,0.01214921,1.5,0.006345,0.01,5.0,0.68,0.00441631,0.676174,0.01414643,"20180628 09:21:20.535037","20180628 09:21:17.000000",1
757,6108.97,0.09003163,6107.56,6105.32,6104.23,6103.36,6103.35,6109.3,6110.0,6112.99,6113.21,6113.99,5.51506094,0.01214921,1.5,0.006345,0.01,5.0,0.68,0.00441631,0.676174,0.01414643,"20180628 09:21:20.539858","20180628 09:21:17.000000",1
64,6108.97,0.09003163,6107.56,6105.32,6104.23,6103.36,6103.35,6109.3,6110.0,6112.99,6113.21,6113.99,5.51506094,0.01214921,1.5,0.006345,0.01,5.0,0.68,0.00441631,0.676174,0.01414643,"20180628 09:21:20.542933","20180628 09:21:17.000000",1
46,6108.97,0.09003163,6107.56,6105.32,6104.23,6103.36,6103.35,6109.3,6110.0,6112.99,6113.21,6113.99,5.51506094,0.01214921,1.5,0.006345,0.01,5.0,0.68,0.00441631,0.676174,0.01414643,"20180628 09:21:20.545313","20180628 09:21:17.000000",1
405,6108.97,0.09003163,6107.56,6104.23,6103.36,6103.35,6102.5,6109.3,6110.0,6112.99,6113.21,6113.99,5.51506094,1.5,0.006345,0.01,7.0,5.0,0.68,0.00441631,0.676174,0.01414643,"20180628 09:21:22.628850","20180628 09:21:17.000000",1
419,6108.97,0.09003163,6107.56,6104.23,6103.36,6103.35,6102.5,6109.3,6110.0,6112.99,6113.21,6113.99,5.51506094,1.5,0.006345,0.01,7.0,5.0,0.68,0.00441631,0.676174,0.01414643,"20180628 09:21:22.631338","20180628 09:21:17.000000",1
47,6108.97,0.09003163,6107.56,6104.23,6103.36,6103.35,6102.5,6109.3,6110.0,6112.99,6113.21,6113.99,5.51506094,1.5,0.006345,0.01,7.0,5.0,0.68,0.00441631,0.676174,0.01414643,"20180628 09:21:22.633336","20180628 09:21:17.000000",1
65,6108.97,0.09003163,6107.56,6104.23,6103.36,6103.35,6102.5,6109.3,6110.0,6112.99,6113.21,6113.99,5.51506094,1.5,0.006345,0.01,7.0,5.0,0.68,0.00441631,0.676174,0.01414643,"20180628 09:21:22.634886","20180628 09:21:17.000000",1
758,6108.97,0.09003163,6107.56,6104.23,6103.36,6103.35,6102.5,6109.3,6110.0,6112.99,6113.21,6113.99,5.51506094,1.5,0.006345,0.01,7.0,5.0,0.68,0.00441631,0.676174,0.01414643,"20180628 09:21:22.639820","20180628 09:21:17.000000",1
95,6108.97,0.09003163,6107.56,6104.23,6103.36,6103.35,6102.5,6109.3,6110.0,6112.99,6113.21,6113.99,5.51506094,1.5,0.006345,0.01,7.0,5.0,0.68,0.00441631,0.676174,0.01414643,"20180628 09:21:22.641404","20180628 09:21:17.000000",1
406,6108.97,0.09003163,6107.56,6104.23,6103.36,6103.35,6102.5,6109.29,6109.3,6110.0,6112.99,6113.21,5.52720985,1.5,0.006345,0.01,7.0,0.09002683,5.0,0.68,0.00441631,0.676174,"20180628 09:21:23.660610","20180628 09:21:17.000000",1
96,6108.97,0.09003163,6107.56,6104.23,6103.36,6103.35,6102.5,6109.29,6109.3,6110.0,6112.99,6113.21,5.52720985,1.5,0.006345,0.01,7.0,0.09002683,5.0,0.68,0.00441631,0.676174,"20180628 09:21:23.664848","20180628 09:21:17.000000",1
420,6108.97,0.09003163,6107.56,6104.23,6103.36,6103.35,6102.5,6109.29,6109.3,6110.0,6112.99,6113.21,5.52720985,1.5,0.006345,0.01,7.0,0.09002683,5.0,0.68,0.00441631,0.676174,"20180628 09:21:23.665696","20180628 09:21:17.000000",1
48,6108.97,0.09003163,6107.56,6104.23,6103.36,6103.35,6102.5,6109.29,6109.3,6110.0,6112.99,6113.21,5.52720985,1.5,0.006345,0.01,7.0,0.09002683,5.0,0.68,0.00441631,0.676174,"20180628 09:21:23.666805","20180628 09:21:17.000000",1
759,6108.97,0.09003163,6107.56,6104.23,6103.36,6103.35,6102.5,6109.29,6109.3,6110.0,6112.99,6113.21,5.52720985,1.5,0.006345,0.01,7.0,0.09002683,5.0,0.68,0.00441631,0.676174,"20180628 09:21:23.669550","20180628 09:21:17.000000",1
66,6108.97,0.09003163,6107.56,6104.23,6103.36,6103.35,6102.5,6109.29,6109.3,6110.0,6112.99,6113.21,5.52720985,1.5,0.006345,0.01,7.0,0.09002683,5.0,0.68,0.00441631,0.676174,"20180628 09:21:23.669943","20180628 09:21:17.000000",1
407,6109.29,0.03524658,6107.56,6104.23,6103.36,6103.35,6102.5,6109.29,6109.3,6110.0,6112.99,6113.21,5.52720985,1.5,0.006345,0.01,7.0,0.09002683,5.0,0.68,0.00441631,0.676174,"20180628 09:21:24.717977","20180628 09:21:25.000000",2
421,6109.29,0.03524658,6107.56,6104.23,6103.36,6103.35,6102.5,6109.29,6109.3,6110.0,6112.99,6113.21,5.52720985,1.5,0.006345,0.01,7.0,0.09002683,5.0,0.68,0.00441631,0.676174,"20180628 09:21:24.715815","20180628 09:21:25.000000",2
97,6109.29,0.03524658,6107.56,6104.23,6103.36,6103.35,6102.5,6109.29,6109.3,6110.0,6112.99,6113.21,5.52720985,1.5,0.006345,0.01,7.0,0.09002683,5.0,0.68,0.00441631,0.676174,"20180628 09:21:24.721969","20180628 09:21:25.000000",2
49,6109.29,0.03524658,6107.56,6104.23,6103.36,6103.35,6102.5,6109.29,6109.3,6110.0,6112.99,6113.21,5.52720985,1.5,0.006345,0.01,7.0,0.09002683,5.0,0.68,0.00441631,0.676174,"20180628 09:21:24.718074","20180628 09:21:25.000000",2
67,6109.29,0.03524658,6107.56,6104.23,6103.36,6103.35,6102.5,6109.29,6109.3,6110.0,6112.99,6113.21,5.52720985,1.5,0.006345,0.01,7.0,0.09002683,5.0,0.68,0.00441631,0.676174,"20180628 09:21:24.722869","20180628 09:21:25.000000",2
760,6109.29,0.03524658,6107.56,6104.23,6103.36,6103.35,6102.5,6109.29,6109.3,6110.0,6112.99,6113.21,5.52720985,1.5,0.006345,0.01,7.0,0.09002683,5.0,0.68,0.00441631,0.676174,"20180628 09:21:24.716204","20180628 09:21:25.000000",2
408,6109.29,0.03524658,6107.56,6104.23,6103.36,6103.35,6102.5,6109.29,6109.3,6110.0,6112.99,6113.21,5.52720985,1.5,0.006345,0.01,7.0,0.05478025,5.0,0.68,0.00441631,0.676174,"20180628 09:21:25.742921","20180628 09:21:25.000000",1
422,6109.29,0.03524658,6107.56,6104.23,6103.36,6103.35,6102.5,6109.29,6109.3,6110.0,6112.99,6113.21,5.52720985,1.5,0.006345,0.01,7.0,0.05478025,5.0,0.68,0.00441631,0.676174,"20180628 09:21:25.746343","20180628 09:21:25.000000",1
50,6109.29,0.03524658,6107.56,6104.23,6103.36,6103.35,6102.5,6109.29,6109.3,6110.0,6112.99,6113.21,5.52720985,1.5,0.006345,0.01,7.0,0.05478025,5.0,0.68,0.00441631,0.676174,"20180628 09:21:25.747638","20180628 09:21:25.000000",1
98,6109.29,0.03524658,6107.56,6104.23,6103.36,6103.35,6102.5,6109.29,6109.3,6110.0,6112.99,6113.21,5.52720985,1.5,0.006345,0.01,7.0,0.05478025,5.0,0.68,0.00441631,0.676174,"20180628 09:21:25.748302","20180628 09:21:25.000000",1
761,6109.29,0.03524658,6107.56,6104.23,6103.36,6103.35,6102.5,6109.29,6109.3,6110.0,6112.99,6113.21,5.52720985,1.5,0.006345,0.01,7.0,0.05478025,5.0,0.68,0.00441631,0.676174,"20180628 09:21:25.750011","20180628 09:21:25.000000",1
68,6109.29,0.03524658,6107.56,6104.23,6103.36,6103.35,6102.5,6109.29,6109.3,6110.0,6112.99,6113.21,5.52720985,1.5,0.006345,0.01,7.0,0.05478025,5.0,0.68,0.00441631,0.676174,"20180628 09:21:25.751690","20180628 09:21:25.000000",1
409,6109.29,0.03524658,6107.56,6104.23,6103.36,6103.35,6102.5,6109.29,6109.3,6110.0,6112.99,6113.21,7.05720985,1.5,0.006345,0.01,7.0,0.05478025,5.0,0.68,0.00441631,0.676174,"20180628 09:21:27.824450","20180628 09:21:25.000000",1
423,6109.29,0.03524658,6107.56,6104.23,6103.36,6103.35,6102.5,6109.29,6109.3,6110.0,6112.99,6113.21,7.05720985,1.5,0.006345,0.01,7.0,0.05478025,5.0,0.68,0.00441631,0.676174,"20180628 09:21:27.828590","20180628 09:21:25.000000",1
99,6109.29,0.03524658,6107.56,6104.23,6103.36,6103.35,6102.5,6109.29,6109.3,6110.0,6112.99,6113.21,7.05720985,1.5,0.006345,0.01,7.0,0.05478025,5.0,0.68,0.00441631,0.676174,"20180628 09:21:27.829144","20180628 09:21:25.000000",1
69,6109.29,0.03524658,6107.56,6104.23,6103.36,6103.35,6102.5,6109.29,6109.3,6110.0,6112.99,6113.21,7.05720985,1.5,0.006345,0.01,7.0,0.05478025,5.0,0.68,0.00441631,0.676174,"20180628 09:21:27.831637","20180628 09:21:25.000000",1
762,6109.29,0.03524658,6107.56,6104.23,6103.36,6103.35,6102.5,6109.29,6109.3,6110.0,6112.99,6113.21,7.05720985,1.5,0.006345,0.01,7.0,0.05478025,5.0,0.68,0.00441631,0.676174,"20180628 09:21:27.834178","20180628 09:21:25.000000",1
51,6109.29,0.03524658,6107.56,6104.23,6103.36,6103.35,6102.5,6109.29,6109.3,6110.0,6112.99,6113.21,7.05720985,1.5,0.006345,0.01,7.0,0.05478025,5.0,0.68,0.00441631,0.676174,"20180628 09:21:27.877660","20180628 09:21:25.000000",1
424,6109.29,0.03524658,6107.56,6104.23,6103.36,6103.35,6102.5,6109.29,6109.3,6110.0,6112.99,6113.21,5.52720985,1.5,0.006345,0.01,7.0,0.05478025,5.0,0.68,0.00441631,0.676174,"20180628 09:21:28.882749","20180628 09:21:25.000000",1
410,6109.29,0.03524658,6107.56,6104.23,6103.36,6103.35,6102.5,6109.29,6109.3,6110.0,6112.99,6113.21,5.52720985,1.5,0.006345,0.01,7.0,0.05478025,5.0,0.68,0.00441631,0.676174,"20180628 09:21:28.884679","20180628 09:21:25.000000",1
100,6109.29,0.03524658,6107.56,6104.23,6103.36,6103.35,6102.5,6109.29,6109.3,6110.0,6112.99,6113.21,5.52720985,1.5,0.006345,0.01,7.0,0.05478025,5.0,0.68,0.00441631,0.676174,"20180628 09:21:28.890877","20180628 09:21:25.000000",1
52,6109.29,0.03524658,6107.56,6104.23,6103.36,6103.35,6102.5,6109.29,6109.3,6110.0,6112.99,6113.21,5.52720985,1.5,0.006345,0.01,7.0,0.05478025,5.0,0.68,0.00441631,0.676174,"20180628 09:21:28.893981","20180628 09:21:25.000000",1
763,6109.29,0.03524658,6107.56,6104.23,6103.36,6103.35,6102.5,6109.29,6109.3,6110.0,6112.99,6113.21,5.52720985,1.5,0.006345,0.01,7.0,0.05478025,5.0,0.68,0.00441631,0.676174,"20180628 09:21:28.895475","20180628 09:21:25.000000",1
70,6109.29,0.03524658,6107.56,6104.23,6103.36,6103.35,6102.5,6109.29,6109.3,6110.0,6112.99,6113.21,5.52720985,1.5,0.006345,0.01,7.0,0.05478025,5.0,0.68,0.00441631,0.676174,"20180628 09:21:28.900676","20180628 09:21:25.000000",1
425,6109.29,0.03524658,6107.56,6104.23,6103.36,6103.35,6102.4,6109.29,6109.3,6110.0,6112.99,6113.21,5.52720985,1.5,0.006345,0.01,6.1639,0.05478025,5.0,0.68,0.00441631,0.676174,"20180628 09:21:29.913929","20180628 09:21:25.000000",1
101,6109.29,0.03524658,6107.56,6104.23,6103.36,6103.35,6102.4,6109.29,6109.3,6110.0,6112.99,6113.21,5.52720985,1.5,0.006345,0.01,6.1639,0.05478025,5.0,0.68,0.00441631,0.676174,"20180628 09:21:29.915429","20180628 09:21:25.000000",1
53,6109.29,0.03524658,6107.56,6104.23,6103.36,6103.35,6102.4,6109.29,6109.3,6110.0,6112.99,6113.21,5.52720985,1.5,0.006345,0.01,6.1639,0.05478025,5.0,0.68,0.00441631,0.676174,"20180628 09:21:29.916037","20180628 09:21:25.000000",1
764,6109.29,0.03524658,6107.56,6104.23,6103.36,6103.35,6102.4,6109.29,6109.3,6110.0,6112.99,6113.21,5.52720985,1.5,0.006345,0.01,6.1639,0.05478025,5.0,0.68,0.00441631,0.676174,"20180628 09:21:29.918966","20180628 09:21:25.000000",1
71,6109.29,0.03524658,6107.56,6104.23,6103.36,6103.35,6102.4,6109.29,6109.3,6110.0,6112.99,6113.21,5.52720985,1.5,0.006345,0.01,6.1639,0.05478025,5.0,0.68,0.00441631,0.676174,"20180628 09:21:29.923207","20180628 09:21:25.000000",1
411,6109.29,0.03524658,6107.56,6104.23,6103.36,6103.35,6102.4,6109.29,6109.3,6110.0,6112.99,6113.21,5.52720985,1.5,0.006345,0.01,6.1639,0.05478025,5.0,0.68,0.00441631,0.676174,"20180628 09:21:29.946229","20180628 09:21:25.000000",1
412,6109.29,0.03524658,6107.56,6104.23,6103.36,6103.35,6102.51,6109.29,6109.3,6110.0,6112.99,6113.21,5.52720985,1.5,0.006345,0.01,9.591,0.05478025,5.0,0.68,0.00441631,0.676174,"20180628 09:21:30.961796","20180628 09:21:25.000000",1
102,6109.29,0.03524658,6107.56,6104.23,6103.36,6103.35,6102.51,6109.29,6109.3,6110.0,6112.99,6113.21,5.52720985,1.5,0.006345,0.01,9.591,0.05478025,5.0,0.68,0.00441631,0.676174,"20180628 09:21:30.966484","20180628 09:21:25.000000",1
426,6109.29,0.03524658,6107.56,6104.23,6103.36,6103.35,6102.51,6109.29,6109.3,6110.0,6112.99,6113.21,5.52720985,1.5,0.006345,0.01,9.591,0.05478025,5.0,0.68,0.00441631,0.676174,"20180628 09:21:30.966999","20180628 09:21:25.000000",1
54,6109.29,0.03524658,6107.56,6104.23,6103.36,6103.35,6102.51,6109.29,6109.3,6110.0,6112.99,6113.21,5.52720985,1.5,0.006345,0.01,9.591,0.05478025,5.0,0.68,0.00441631,0.676174,"20180628 09:21:30.967319","20180628 09:21:25.000000",1
765,6109.29,0.03524658,6107.56,6104.23,6103.36,6103.35,6102.51,6109.29,6109.3,6110.0,6112.99,6113.21,5.52720985,1.5,0.006345,0.01,9.591,0.05478025,5.0,0.68,0.00441631,0.676174,"20180628 09:21:30.968174","20180628 09:21:25.000000",1
72,6109.29,0.03524658,6107.56,6104.23,6103.36,6103.35,6102.51,6109.29,6109.3,6110.0,6112.99,6113.21,5.52720985,1.5,0.006345,0.01,9.591,0.05478025,5.0,0.68,0.00441631,0.676174,"20180628 09:21:30.970209","20180628 09:21:25.000000",1
413,6109.29,0.03524658,6107.56,6104.23,6103.36,6103.35,6102.52,6109.29,6109.3,6110.0,6112.99,6113.21,5.52720985,1.5,0.006345,0.01,5.87670686,0.05478025,5.0,0.68,0.00441631,0.676174,"20180628 09:21:31.986835","20180628 09:21:25.000000",1
427,6109.29,0.03524658,6107.56,6104.23,6103.36,6103.35,6102.52,6109.29,6109.3,6110.0,6112.99,6113.21,5.52720985,1.5,0.006345,0.01,5.87670686,0.05478025,5.0,0.68,0.00441631,0.676174,"20180628 09:21:31.991399","20180628 09:21:25.000000",1
103,6109.29,0.03524658,6107.56,6104.23,6103.36,6103.35,6102.52,6109.29,6109.3,6110.0,6112.99,6113.21,5.52720985,1.5,0.006345,0.01,5.87670686,0.05478025,5.0,0.68,0.00441631,0.676174,"20180628 09:21:31.992543","20180628 09:21:25.000000",1
55,6109.29,0.03524658,6107.56,6104.23,6103.36,6103.35,6102.52,6109.29,6109.3,6110.0,6112.99,6113.21,5.52720985,1.5,0.006345,0.01,5.87670686,0.05478025,5.0,0.68,0.00441631,0.676174,"20180628 09:21:31.993091","20180628 09:21:25.000000",1
73,6109.29,0.03524658,6107.56,6104.23,6103.36,6103.35,6102.52,6109.29,6109.3,6110.0,6112.99,6113.21,5.52720985,1.5,0.006345,0.01,5.87670686,0.05478025,5.0,0.68,0.00441631,0.676174,"20180628 09:21:31.994232","20180628 09:21:25.000000",1
766,6109.29,0.03524658,6107.56,6104.23,6103.36,6103.35,6102.52,6109.29,6109.3,6110.0,6112.99,6113.21,5.52720985,1.5,0.006345,0.01,5.87670686,0.05478025,5.0,0.68,0.00441631,0.676174,"20180628 09:21:31.998997","20180628 09:21:25.000000",1
56,6109.29,0.03524658,6107.57,6107.56,6104.23,6103.36,6103.35,6109.29,6109.3,6110.0,6112.99,6113.21,0.04789355,5.52720985,1.5,0.006345,0.01,0.05478025,5.0,0.68,0.00441631,0.676174,"20180628 09:21:35.135064","20180628 09:21:25.000000",1
428,6109.29,0.03524658,6107.57,6107.56,6104.23,6103.36,6103.35,6109.29,6109.3,6110.0,6112.99,6113.21,0.04789355,5.52720985,1.5,0.006345,0.01,0.05478025,5.0,0.68,0.00441631,0.676174,"20180628 09:21:35.135346","20180628 09:21:25.000000",1
767,6109.29,0.03524658,6107.57,6107.56,6104.23,6103.36,6103.35,6109.29,6109.3,6110.0,6112.99,6113.21,0.04789355,5.52720985,1.5,0.006345,0.01,0.05478025,5.0,0.68,0.00441631,0.676174,"20180628 09:21:35.136784","20180628 09:21:25.000000",1
74,6109.29,0.03524658,6107.57,6107.56,6104.23,6103.36,6103.35,6109.29,6109.3,6110.0,6112.99,6113.21,0.04789355,5.52720985,1.5,0.006345,0.01,0.05478025,5.0,0.68,0.00441631,0.676174,"20180628 09:21:35.138454","20180628 09:21:25.000000",1
104,6109.29,0.03524658,6107.57,6107.56,6104.23,6103.36,6103.35,6109.29,6109.3,6110.0,6112.99,6113.21,0.04789355,5.52720985,1.5,0.006345,0.01,0.05478025,5.0,0.68,0.00441631,0.676174,"20180628 09:21:35.139040","20180628 09:21:25.000000",1
414,6109.29,0.03524658,6107.57,6107.56,6104.23,6103.36,6103.35,6109.29,6109.3,6110.0,6112.99,6113.21,0.04789355,5.52720985,1.5,0.006345,0.01,0.05478025,5.0,0.68,0.00441631,0.676174,"20180628 09:21:35.158681","20180628 09:21:25.000000",1
415,6109.29,0.03524658,6107.57,6107.56,6104.23,6103.36,6103.35,6109.29,6109.3,6110.0,6112.99,6113.21,0.04789355,7.05720985,1.5,0.006345,0.01,0.05478025,5.0,0.68,0.00441631,0.676174,"20180628 09:21:36.173033","20180628 09:21:25.000000",1
105,6109.29,0.03524658,6107.57,6107.56,6104.23,6103.36,6103.35,6109.29,6109.3,6110.0,6112.99,6113.21,0.04789355,7.05720985,1.5,0.006345,0.01,0.05478025,5.0,0.68,0.00441631,0.676174,"20180628 09:21:36.177259","20180628 09:21:25.000000",1
429,6109.29,0.03524658,6107.57,6107.56,6104.23,6103.36,6103.35,6109.29,6109.3,6110.0,6112.99,6113.21,0.04789355,7.05720985,1.5,0.006345,0.01,0.05478025,5.0,0.68,0.00441631,0.676174,"20180628 09:21:36.177804","20180628 09:21:25.000000",1
75,6109.29,0.03524658,6107.57,6107.56,6104.23,6103.36,6103.35,6109.29,6109.3,6110.0,6112.99,6113.21,0.04789355,7.05720985,1.5,0.006345,0.01,0.05478025,5.0,0.68,0.00441631,0.676174,"20180628 09:21:36.179549","20180628 09:21:25.000000",1
768,6109.29,0.03524658,6107.57,6107.56,6104.23,6103.36,6103.35,6109.29,6109.3,6110.0,6112.99,6113.21,0.04789355,7.05720985,1.5,0.006345,0.01,0.05478025,5.0,0.68,0.00441631,0.676174,"20180628 09:21:36.180465","20180628 09:21:25.000000",1
57,6109.29,0.03524658,6107.57,6107.56,6104.23,6103.36,6103.35,6109.29,6109.3,6110.0,6112.99,6113.21,0.04789355,7.05720985,1.5,0.006345,0.01,0.05478025,5.0,0.68,0.00441631,0.676174,"20180628 09:21:36.181090","20180628 09:21:25.000000",1
416,6109.29,0.01214835,6107.57,6107.56,6104.23,6103.36,6103.35,6109.29,6109.3,6110.0,6112.99,6113.21,0.04789355,7.05720985,1.5,0.006345,0.01,0.05478025,5.0,0.68,0.00441631,0.676174,"20180628 09:21:36.173033","20180628 09:21:35.000000",2
430,6109.29,0.01214835,6107.57,6107.56,6104.23,6103.36,6103.35,6109.29,6109.3,6110.0,6112.99,6113.21,0.04789355,7.05720985,1.5,0.006345,0.01,0.05478025,5.0,0.68,0.00441631,0.676174,"20180628 09:21:36.177804","20180628 09:21:35.000000",2
58,6109.29,0.01214835,6107.57,6107.56,6104.23,6103.36,6103.35,6109.29,6109.3,6110.0,6112.99,6113.21,0.04789355,7.05720985,1.5,0.006345,0.01,0.05478025,5.0,0.68,0.00441631,0.676174,"20180628 09:21:36.181090","20180628 09:21:35.000000",2
106,6109.29,0.01214835,6107.57,6107.56,6104.23,6103.36,6103.35,6109.29,6109.3,6110.0,6112.99,6113.21,0.04789355,7.05720985,1.5,0.006345,0.01,0.05478025,5.0,0.68,0.00441631,0.676174,"20180628 09:21:36.177259","20180628 09:21:35.000000",2
76,6109.29,0.01214835,6107.57,6107.56,6104.23,6103.36,6103.35,6109.29,6109.3,6110.0,6112.99,6113.21,0.04789355,7.05720985,1.5,0.006345,0.01,0.05478025,5.0,0.68,0.00441631,0.676174,"20180628 09:21:36.179549","20180628 09:21:35.000000",2
769,6109.29,0.01214835,6107.57,6107.56,6104.23,6103.36,6103.35,6109.29,6109.3,6110.0,6112.99,6113.21,0.04789355,7.05720985,1.5,0.006345,0.01,0.05478025,5.0,0.68,0.00441631,0.676174,"20180628 09:21:36.180465","20180628 09:21:35.000000",2
417,6109.29,0.0426319,6107.57,6107.56,6104.23,6103.36,6103.35,6109.29,6109.3,6110.0,6112.99,6113.21,0.04789355,7.05720985,1.5,0.006345,0.01,0.05478025,5.0,0.68,0.00441631,0.676174,"20180628 09:21:36.173033","20180628 09:21:36.000000",2
431,6109.29,0.0426319,6107.57,6107.56,6104.23,6103.36,6103.35,6109.29,6109.3,6110.0,6112.99,6113.21,0.04789355,7.05720985,1.5,0.006345,0.01,0.05478025,5.0,0.68,0.00441631,0.676174,"20180628 09:21:36.177804","20180628 09:21:36.000000",2
107,6109.29,0.0426319,6107.57,6107.56,6104.23,6103.36,6103.35,6109.29,6109.3,6110.0,6112.99,6113.21,0.04789355,7.05720985,1.5,0.006345,0.01,0.05478025,5.0,0.68,0.00441631,0.676174,"20180628 09:21:36.177259","20180628 09:21:36.000000",2
770,6109.29,0.0426319,6107.57,6107.56,6104.23,6103.36,6103.35,6109.29,6109.3,6110.0,6112.99,6113.21,0.04789355,7.05720985,1.5,0.006345,0.01,0.05478025,5.0,0.68,0.00441631,0.676174,"20180628 09:21:36.180465","20180628 09:21:36.000000",2
59,6109.29,0.0426319,6107.57,6107.56,6104.23,6103.36,6103.35,6109.29,6109.3,6110.0,6112.99,6113.21,0.04789355,7.05720985,1.5,0.006345,0.01,0.05478025,5.0,0.68,0.00441631,0.676174,"20180628 09:21:36.181090","20180628 09:21:36.000000",2
77,6109.29,0.0426319,6107.57,6107.56,6104.23,6103.36,6103.35,6109.29,6109.3,6110.0,6112.99,6113.21,0.04789355,7.05720985,1.5,0.006345,0.01,0.05478025,5.0,0.68,0.00441631,0.676174,"20180628 09:21:36.179549","20180628 09:21:36.000000",2
78,6109.29,0.0426319,6107.57,6107.56,6104.23,6103.36,6103.35,6109.3,6110.0,6112.99,6113.21,6113.99,0.04789355,5.52720985,1.5,0.006345,0.01,3.56531025,0.68,0.00441631,0.676174,0.01651775,"20180628 09:21:37.231536","20180628 09:21:36.000000",1
418,6109.29,0.0426319,6107.57,6107.56,6104.23,6103.36,6103.35,6109.3,6110.0,6112.99,6113.21,6113.99,0.04789355,5.52720985,1.5,0.006345,0.01,3.56531025,0.68,0.00441631,0.676174,0.01651775,"20180628 09:21:37.227636","20180628 09:21:36.000000",1
108,6109.29,0.0426319,6107.57,6107.56,6104.23,6103.36,6103.35,6109.3,6110.0,6112.99,6113.21,6113.99,0.04789355,5.52720985,1.5,0.006345,0.01,3.56531025,0.68,0.00441631,0.676174,0.01651775,"20180628 09:21:37.237707","20180628 09:21:36.000000",1
432,6109.29,0.0426319,6107.57,6107.56,6104.23,6103.36,6103.35,6109.3,6110.0,6112.99,6113.21,6113.99,0.04789355,5.52720985,1.5,0.006345,0.01,3.56531025,0.68,0.00441631,0.676174,0.01651775,"20180628 09:21:37.238998","20180628 09:21:36.000000",1
60,6109.29,0.0426319,6107.57,6107.56,6104.23,6103.36,6103.35,6109.3,6110.0,6112.99,6113.21,6113.99,0.04789355,5.52720985,1.5,0.006345,0.01,3.56531025,0.68,0.00441631,0.676174,0.01651775,"20180628 09:21:37.245583","20180628 09:21:36.000000",1
771,6109.29,0.0426319,6107.57,6107.56,6104.23,6103.36,6103.35,6109.3,6110.0,6112.99,6113.21,6113.99,0.04789355,5.52720985,1.5,0.006345,0.01,3.56531025,0.68,0.00441631,0.676174,0.01651775,"20180628 09:21:37.245915","20180628 09:21:36.000000",1
419,6109.29,0.0426319,6107.57,6107.56,6104.23,6103.36,6103.35,6109.3,6110.0,6112.99,6113.21,6113.99,0.04789355,5.52720985,1.5,0.006345,0.01,1.99115261,0.68,0.00441631,0.676174,0.01520911,"20180628 09:21:38.269055","20180628 09:21:36.000000",1
109,6109.29,0.0426319,6107.57,6107.56,6104.23,6103.36,6103.35,6109.3,6110.0,6112.99,6113.21,6113.99,0.04789355,5.52720985,1.5,0.006345,0.01,1.99115261,0.68,0.00441631,0.676174,0.01520911,"20180628 09:21:38.272378","20180628 09:21:36.000000",1
79,6109.29,0.0426319,6107.57,6107.56,6104.23,6103.36,6103.35,6109.3,6110.0,6112.99,6113.21,6113.99,0.04789355,5.52720985,1.5,0.006345,0.01,1.99115261,0.68,0.00441631,0.676174,0.01520911,"20180628 09:21:38.278785","20180628 09:21:36.000000",1
433,6109.29,0.0426319,6107.57,6107.56,6104.23,6103.36,6103.35,6109.3,6110.0,6112.99,6113.21,6113.99,0.04789355,5.52720985,1.5,0.006345,0.01,1.99115261,0.68,0.00441631,0.676174,0.01520911,"20180628 09:21:38.270867","20180628 09:21:36.000000",1
61,6109.29,0.0426319,6107.57,6107.56,6104.23,6103.36,6103.35,6109.3,6110.0,6112.99,6113.21,6113.99,0.04789355,5.52720985,1.5,0.006345,0.01,1.99115261,0.68,0.00441631,0.676174,0.01520911,"20180628 09:21:38.283115","20180628 09:21:36.000000",1
772,6109.29,0.0426319,6107.57,6107.56,6104.23,6103.36,6103.35,6109.3,6110.0,6112.99,6113.21,6113.99,0.04789355,5.52720985,1.5,0.006345,0.01,1.99115261,0.68,0.00441631,0.676174,0.01520911,"20180628 09:21:38.285200","20180628 09:21:36.000000",1
62,6109.29,0.0426319,6107.57,6107.56,6104.23,6103.36,6103.35,6109.3,6110.0,6112.99,6113.21,6113.99,0.04789355,5.52720985,1.5,0.006345,0.01,1.55646286,0.68,0.00441631,0.676174,0.01349193,"20180628 09:21:39.325086","20180628 09:21:36.000000",1
80,6109.29,0.0426319,6107.57,6107.56,6104.23,6103.36,6103.35,6109.3,6110.0,6112.99,6113.21,6113.99,0.04789355,5.52720985,1.5,0.006345,0.01,1.55646286,0.68,0.00441631,0.676174,0.01349193,"20180628 09:21:39.326929","20180628 09:21:36.000000",1
110,6109.29,0.0426319,6107.57,6107.56,6104.23,6103.36,6103.35,6109.3,6110.0,6112.99,6113.21,6113.99,0.04789355,5.52720985,1.5,0.006345,0.01,1.55646286,0.68,0.00441631,0.676174,0.01349193,"20180628 09:21:39.333102","20180628 09:21:36.000000",1
420,6109.29,0.0426319,6107.57,6107.56,6104.23,6103.36,6103.35,6109.3,6110.0,6112.99,6113.21,6113.99,0.04789355,5.52720985,1.5,0.006345,0.01,1.55646286,0.68,0.00441631,0.676174,0.01349193,"20180628 09:21:39.336435","20180628 09:21:36.000000",1
434,6109.29,0.0426319,6107.57,6107.56,6104.23,6103.36,6103.35,6109.3,6110.0,6112.99,6113.21,6113.99,0.04789355,5.52720985,1.5,0.006345,0.01,1.55646286,0.68,0.00441631,0.676174,0.01349193,"20180628 09:21:39.337986","20180628 09:21:36.000000",1
773,6109.29,0.0426319,6107.57,6107.56,6104.23,6103.36,6103.35,6109.3,6110.0,6112.99,6113.21,6113.99,0.04789355,5.52720985,1.5,0.006345,0.01,1.55646286,0.68,0.00441631,0.676174,0.01349193,"20180628 09:21:39.340275","20180628 09:21:36.000000",1
421,6109.29,0.0426319,6109.3,6107.57,6107.56,6104.23,6103.36,6110.0,6112.99,6113.21,6113.99,6114.29,0.49501643,0.04789355,5.51506094,1.5,0.006345,0.68,0.00441631,0.676174,0.01586322,1.02216935,"20180628 09:21:40.359014","20180628 09:21:36.000000",1
435,6109.29,0.0426319,6109.3,6107.57,6107.56,6104.23,6103.36,6110.0,6112.99,6113.21,6113.99,6114.29,0.49501643,0.04789355,5.51506094,1.5,0.006345,0.68,0.00441631,0.676174,0.01586322,1.02216935,"20180628 09:21:40.361895","20180628 09:21:36.000000",1
63,6109.29,0.0426319,6109.3,6107.57,6107.56,6104.23,6103.36,6110.0,6112.99,6113.21,6113.99,6114.29,0.49501643,0.04789355,5.51506094,1.5,0.006345,0.68,0.00441631,0.676174,0.01586322,1.02216935,"20180628 09:21:40.363255","20180628 09:21:36.000000",1
111,6109.29,0.0426319,6109.3,6107.57,6107.56,6104.23,6103.36,6110.0,6112.99,6113.21,6113.99,6114.29,0.49501643,0.04789355,5.51506094,1.5,0.006345,0.68,0.00441631,0.676174,0.01586322,1.02216935,"20180628 09:21:40.364930","20180628 09:21:36.000000",1
774,6109.29,0.0426319,6109.3,6107.57,6107.56,6104.23,6103.36,6110.0,6112.99,6113.21,6113.99,6114.29,0.49501643,0.04789355,5.51506094,1.5,0.006345,0.68,0.00441631,0.676174,0.01586322,1.02216935,"20180628 09:21:40.365345","20180628 09:21:36.000000",1
81,6109.29,0.0426319,6109.3,6107.57,6107.56,6104.23,6103.36,6110.0,6112.99,6113.21,6113.99,6114.29,0.49501643,0.04789355,5.51506094,1.5,0.006345,0.68,0.00441631,0.676174,0.01586322,1.02216935,"20180628 09:21:40.367497","20180628 09:21:36.000000",1
422,6110.0,0.68,6109.3,6107.57,6107.56,6104.23,6103.36,6110.0,6112.99,6113.21,6113.99,6114.29,0.49501643,0.04789355,5.51506094,1.5,0.006345,0.68,0.00441631,0.676174,0.01586322,1.02216935,"20180628 09:21:40.359014","20180628 09:21:40.000000",2
436,6110.0,0.68,6109.3,6107.57,6107.56,6104.23,6103.36,6110.0,6112.99,6113.21,6113.99,6114.29,0.49501643,0.04789355,5.51506094,1.5,0.006345,0.68,0.00441631,0.676174,0.01586322,1.02216935,"20180628 09:21:40.361895","20180628 09:21:40.000000",2
112,6110.0,0.68,6109.3,6107.57,6107.56,6104.23,6103.36,6110.0,6112.99,6113.21,6113.99,6114.29,0.49501643,0.04789355,5.51506094,1.5,0.006345,0.68,0.00441631,0.676174,0.01586322,1.02216935,"20180628 09:21:40.364930","20180628 09:21:40.000000",2
82,6110.0,0.68,6109.3,6107.57,6107.56,6104.23,6103.36,6110.0,6112.99,6113.21,6113.99,6114.29,0.49501643,0.04789355,5.51506094,1.5,0.006345,0.68,0.00441631,0.676174,0.01586322,1.02216935,"20180628 09:21:40.367497","20180628 09:21:40.000000",2
64,6110.0,0.68,6109.3,6107.57,6107.56,6104.23,6103.36,6110.0,6112.99,6113.21,6113.99,6114.29,0.49501643,0.04789355,5.51506094,1.5,0.006345,0.68,0.00441631,0.676174,0.01586322,1.02216935,"20180628 09:21:40.363255","20180628 09:21:40.000000",2
775,6110.0,0.68,6109.3,6107.57,6107.56,6104.23,6103.36,6110.0,6112.99,6113.21,6113.99,6114.29,0.49501643,0.04789355,5.51506094,1.5,0.006345,0.68,0.00441631,0.676174,0.01586322,1.02216935,"20180628 09:21:40.365345","20180628 09:21:40.000000",2
423,6110.0,0.68,6110.06,6107.57,6107.56,6104.23,6103.36,6112.99,6113.21,6113.99,6114.29,6117.49,0.75468975,0.13794582,3.88706094,1.5,0.006345,0.00441631,0.676174,0.01488165,1.02216935,0.12375,"20180628 09:21:41.409669","20180628 09:21:40.000000",1
437,6110.0,0.68,6110.06,6107.57,6107.56,6104.23,6103.36,6112.99,6113.21,6113.99,6114.29,6117.49,0.75468975,0.13794582,3.88706094,1.5,0.006345,0.00441631,0.676174,0.01488165,1.02216935,0.12375,"20180628 09:21:41.413970","20180628 09:21:40.000000",1
776,6110.0,0.68,6110.06,6107.57,6107.56,6104.23,6103.36,6112.99,6113.21,6113.99,6114.29,6117.49,0.75468975,0.13794582,3.88706094,1.5,0.006345,0.00441631,0.676174,0.01488165,1.02216935,0.12375,"20180628 09:21:41.420644","20180628 09:21:40.000000",1
113,6110.0,0.68,6110.06,6107.57,6107.56,6104.23,6103.36,6112.99,6113.21,6113.99,6114.29,6117.49,0.75468975,0.13794582,3.88706094,1.5,0.006345,0.00441631,0.676174,0.01488165,1.02216935,0.12375,"20180628 09:21:41.426234","20180628 09:21:40.000000",1
83,6110.0,0.68,6110.06,6107.57,6107.56,6104.23,6103.36,6112.99,6113.21,6113.99,6114.29,6117.49,0.75468975,0.13794582,3.88706094,1.5,0.006345,0.00441631,0.676174,0.01488165,1.02216935,0.12375,"20180628 09:21:41.427872","20180628 09:21:40.000000",1
65,6110.0,0.68,6110.06,6107.57,6107.56,6104.23,6103.36,6112.99,6113.21,6113.99,6114.29,6117.49,0.75468975,0.13794582,3.88706094,1.5,0.006345,0.00441631,0.676174,0.01488165,1.02216935,0.12375,"20180628 09:21:41.430831","20180628 09:21:40.000000",1
424,6110.0,0.68,6107.57,6107.56,6104.23,6103.36,6103.35,6112.41,6112.99,6113.21,6113.99,6114.29,0.13794582,3.88706094,1.5,0.006345,0.01,1.5,0.00441631,0.676174,0.01488165,1.02216935,"20180628 09:21:42.443987","20180628 09:21:40.000000",1
114,6110.0,0.68,6107.57,6107.56,6104.23,6103.36,6103.35,6112.41,6112.99,6113.21,6113.99,6114.29,0.13794582,3.88706094,1.5,0.006345,0.01,1.5,0.00441631,0.676174,0.01488165,1.02216935,"20180628 09:21:42.443977","20180628 09:21:40.000000",1
777,6110.0,0.68,6107.57,6107.56,6104.23,6103.36,6103.35,6112.41,6112.99,6113.21,6113.99,6114.29,0.13794582,3.88706094,1.5,0.006345,0.01,1.5,0.00441631,0.676174,0.01488165,1.02216935,"20180628 09:21:42.447731","20180628 09:21:40.000000",1
438,6110.0,0.68,6107.57,6107.56,6104.23,6103.36,6103.35,6112.41,6112.99,6113.21,6113.99,6114.29,0.13794582,3.88706094,1.5,0.006345,0.01,1.5,0.00441631,0.676174,0.01488165,1.02216935,"20180628 09:21:42.449056","20180628 09:21:40.000000",1
84,6110.0,0.68,6107.57,6107.56,6104.23,6103.36,6103.35,6112.41,6112.99,6113.21,6113.99,6114.29,0.13794582,3.88706094,1.5,0.006345,0.01,1.5,0.00441631,0.676174,0.01488165,1.02216935,"20180628 09:21:42.452029","20180628 09:21:40.000000",1
66,6110.0,0.68,6107.57,6107.56,6104.23,6103.36,6103.35,6112.41,6112.99,6113.21,6113.99,6114.29,0.13794582,3.88706094,1.5,0.006345,0.01,1.5,0.00441631,0.676174,0.01488165,1.02216935,"20180628 09:21:42.456239","20180628 09:21:40.000000",1
425,6110.0,0.68,6107.57,6107.56,6104.23,6103.36,6103.35,6109.42,6112.99,6113.21,6113.99,6114.29,0.13794582,3.88706094,1.5,0.006345,0.01,5.0,0.00441631,0.676174,0.01488165,1.02216935,"20180628 09:21:48.698883","20180628 09:21:40.000000",1
439,6110.0,0.68,6107.57,6107.56,6104.23,6103.36,6103.35,6109.42,6112.99,6113.21,6113.99,6114.29,0.13794582,3.88706094,1.5,0.006345,0.01,5.0,0.00441631,0.676174,0.01488165,1.02216935,"20180628 09:21:48.700261","20180628 09:21:40.000000",1
85,6110.0,0.68,6107.57,6107.56,6104.23,6103.36,6103.35,6109.42,6112.99,6113.21,6113.99,6114.29,0.13794582,3.88706094,1.5,0.006345,0.01,5.0,0.00441631,0.676174,0.01488165,1.02216935,"20180628 09:21:48.709114","20180628 09:21:40.000000",1
778,6110.0,0.68,6107.57,6107.56,6104.23,6103.36,6103.35,6109.42,6112.99,6113.21,6113.99,6114.29,0.13794582,3.88706094,1.5,0.006345,0.01,5.0,0.00441631,0.676174,0.01488165,1.02216935,"20180628 09:21:48.711632","20180628 09:21:40.000000",1
115,6110.0,0.68,6107.57,6107.56,6104.23,6103.36,6103.35,6109.42,6112.99,6113.21,6113.99,6114.29,0.13794582,3.88706094,1.5,0.006345,0.01,5.0,0.00441631,0.676174,0.01488165,1.02216935,"20180628 09:21:48.714675","20180628 09:21:40.000000",1
67,6110.0,0.68,6107.57,6107.56,6104.23,6103.36,6103.35,6109.42,6112.99,6113.21,6113.99,6114.29,0.13794582,3.88706094,1.5,0.006345,0.01,5.0,0.00441631,0.676174,0.01488165,1.02216935,"20180628 09:21:48.715903","20180628 09:21:40.000000",1
440,6110.0,0.68,6107.57,6107.56,6104.23,6103.36,6103.35,6109.42,6112.99,6113.21,6113.99,6114.19,0.13794582,3.88706094,1.5,0.006345,0.01,4.38321046,0.00441631,0.676174,0.01488165,1.6362,"20180628 09:21:49.785063","20180628 09:21:40.000000",1
116,6110.0,0.68,6107.57,6107.56,6104.23,6103.36,6103.35,6109.42,6112.99,6113.21,6113.99,6114.19,0.13794582,3.88706094,1.5,0.006345,0.01,4.38321046,0.00441631,0.676174,0.01488165,1.6362,"20180628 09:21:49.787084","20180628 09:21:40.000000",1
426,6110.0,0.68,6107.57,6107.56,6104.23,6103.36,6103.35,6109.42,6112.99,6113.21,6113.99,6114.19,0.13794582,3.88706094,1.5,0.006345,0.01,4.38321046,0.00441631,0.676174,0.01488165,1.6362,"20180628 09:21:49.790119","20180628 09:21:40.000000",1
68,6110.0,0.68,6107.57,6107.56,6104.23,6103.36,6103.35,6109.42,6112.99,6113.21,6113.99,6114.19,0.13794582,3.88706094,1.5,0.006345,0.01,4.38321046,0.00441631,0.676174,0.01488165,1.6362,"20180628 09:21:49.793809","20180628 09:21:40.000000",1
779,6110.0,0.68,6107.57,6107.56,6104.23,6103.36,6103.35,6109.42,6112.99,6113.21,6113.99,6114.19,0.13794582,3.88706094,1.5,0.006345,0.01,4.38321046,0.00441631,0.676174,0.01488165,1.6362,"20180628 09:21:49.795712","20180628 09:21:40.000000",1
86,6110.0,0.68,6107.57,6107.56,6104.23,6103.36,6103.35,6109.42,6112.99,6113.21,6113.99,6114.19,0.13794582,3.88706094,1.5,0.006345,0.01,4.38321046,0.00441631,0.676174,0.01488165,1.6362,"20180628 09:21:49.802278","20180628 09:21:40.000000",1
117,6110.0,0.68,6107.57,6107.56,6104.23,6103.36,6103.35,6109.42,6112.99,6113.21,6113.99,6114.19,3.29594582,3.88706094,1.5,0.006345,0.01,3.76642092,0.00441631,0.676174,0.01488165,1.6362,"20180628 09:21:53.966428","20180628 09:21:40.000000",1
780,6110.0,0.68,6107.57,6107.56,6104.23,6103.36,6103.35,6109.42,6112.99,6113.21,6113.99,6114.19,3.29594582,3.88706094,1.5,0.006345,0.01,3.76642092,0.00441631,0.676174,0.01488165,1.6362,"20180628 09:21:53.966731","20180628 09:21:40.000000",1
427,6110.0,0.68,6107.57,6107.56,6104.23,6103.36,6103.35,6109.42,6112.99,6113.21,6113.99,6114.19,3.29594582,3.88706094,1.5,0.006345,0.01,3.76642092,0.00441631,0.676174,0.01488165,1.6362,"20180628 09:21:53.971179","20180628 09:21:40.000000",1
441,6110.0,0.68,6107.57,6107.56,6104.23,6103.36,6103.35,6109.42,6112.99,6113.21,6113.99,6114.19,3.29594582,3.88706094,1.5,0.006345,0.01,3.76642092,0.00441631,0.676174,0.01488165,1.6362,"20180628 09:21:53.981664","20180628 09:21:40.000000",1
87,6110.0,0.68,6107.57,6107.56,6104.23,6103.36,6103.35,6109.42,6112.99,6113.21,6113.99,6114.19,3.29594582,3.88706094,1.5,0.006345,0.01,3.76642092,0.00441631,0.676174,0.01488165,1.6362,"20180628 09:21:53.978231","20180628 09:21:40.000000",1
69,6110.0,0.68,6107.57,6107.56,6104.23,6103.36,6103.35,6109.42,6112.99,6113.21,6113.99,6114.19,3.29594582,3.88706094,1.5,0.006345,0.01,3.76642092,0.00441631,0.676174,0.01488165,1.6362,"20180628 09:21:53.982897","20180628 09:21:40.000000",1
442,6110.0,0.68,6107.57,6107.56,6104.23,6103.36,6103.35,6109.42,6112.99,6113.21,6113.99,6114.19,1.76594582,3.88706094,1.5,0.006345,0.01,3.01173117,0.00441631,0.676174,0.01488165,1.6362,"20180628 09:21:55.034148","20180628 09:21:40.000000",1
781,6110.0,0.68,6107.57,6107.56,6104.23,6103.36,6103.35,6109.42,6112.99,6113.21,6113.99,6114.19,1.76594582,3.88706094,1.5,0.006345,0.01,3.01173117,0.00441631,0.676174,0.01488165,1.6362,"20180628 09:21:55.038303","20180628 09:21:40.000000",1
428,6110.0,0.68,6107.57,6107.56,6104.23,6103.36,6103.35,6109.42,6112.99,6113.21,6113.99,6114.19,1.76594582,3.88706094,1.5,0.006345,0.01,3.01173117,0.00441631,0.676174,0.01488165,1.6362,"20180628 09:21:55.041392","20180628 09:21:40.000000",1
88,6110.0,0.68,6107.57,6107.56,6104.23,6103.36,6103.35,6109.42,6112.99,6113.21,6113.99,6114.19,1.76594582,3.88706094,1.5,0.006345,0.01,3.01173117,0.00441631,0.676174,0.01488165,1.6362,"20180628 09:21:55.042651","20180628 09:21:40.000000",1
