"id","trade_px","trade_volume","b1","b2","b3","b4","b5","a1","a2","a3","a4","a5","bq1","bq2","bq3","bq4","bq5","aq1","aq2","aq3","aq4","aq5","order_date_time","trades_date_time","update_type"
7,0.0,0.0,676275.0,676223.0,676171.0,676131.0,676124.0,676480.0,676481.0,676536.0,676563.0,676564.0,0.0100329,0.0100329,0.0100329,0.79960013,0.60000013,0.3,0.3,0.004,0.3238,0.3,"20180628 09:20:18.382747","20000101 00:00:00.000000",1
267,676733.0,0.01,676275.0,676223.0,676171.0,676131.0,676124.0,676480.0,676481.0,676536.0,676563.0,676564.0,0.0100329,0.0100329,0.0100329,0.79960013,0.60000013,0.3,0.3,0.004,0.3238,0.3,"20180628 09:20:18.489661","20180628 09:17:58.710000",1
260,676733.0,0.01,676275.0,676223.0,676171.0,676132.0,676123.0,676480.0,676481.0,676536.0,676564.0,676578.0,0.0100329,0.0100329,0.0100329,0.2924,0.98,0.3,0.3,0.004,0.3,0.3,"20180628 09:20:19.034367","20180628 09:17:58.710000",1
1,0.0,0.0,676275.0,676223.0,676171.0,676132.0,676123.0,676480.0,676481.0,676536.0,676564.0,676578.0,0.0100329,0.0100329,0.0100329,0.2924,0.98,0.3,0.3,0.004,0.3,0.3,"20180628 09:20:19.268026","20000101 00:00:00.000000",1
34,676456.0,0.05462408,676275.0,676223.0,676171.0,676131.0,676124.0,676480.0,676481.0,676536.0,676563.0,676564.0,0.0100329,0.0100329,0.0100329,0.79960013,0.60000013,0.3,0.3,0.004,0.3238,0.3,"20180628 09:20:19.699761","20180628 09:19:59.600000",1
8,0.0,0.0,676275.0,676223.0,676171.0,676133.0,676124.0,676479.0,676480.0,676481.0,676536.0,676564.0,0.0100329,1.7100329,0.0100329,0.50000013,0.89240013,0.423087,0.3,0.3,0.004,0.3,"20180628 09:20:20.999624","20000101 00:00:00.000000",1
268,676733.0,0.01,676275.0,676223.0,676171.0,676133.0,676124.0,676479.0,676480.0,676481.0,676536.0,676564.0,0.0100329,1.7100329,0.0100329,0.50000013,0.60000013,0.423087,0.3,0.3,0.004,0.3,"20180628 09:20:21.098597","20180628 09:17:58.710000",1
2,0.0,0.0,676275.0,676224.0,676223.0,676171.0,676133.0,676479.0,676536.0,676563.0,676564.0,676578.0,0.0100329,0.2924,1.7100329,0.0100329,0.50000013,0.423087,0.004,0.3166,0.3,0.3,"20180628 09:20:21.902463","20000101 00:00:00.000000",1
9,676479.0,0.01,676275.0,676223.0,676171.0,676133.0,676124.0,676479.0,676480.0,676481.0,676536.0,676564.0,0.0100329,1.7100329,0.0100329,0.50000013,0.89240013,0.423087,0.3,0.3,0.004,0.3,"20180628 09:20:20.999624","20180628 09:20:20.710000",2
35,676456.0,0.05462408,676275.0,676224.0,676223.0,676171.0,676133.0,676479.0,676536.0,676563.0,676564.0,676578.0,0.0100329,0.2924,1.7100329,0.0100329,0.50000013,0.423087,0.004,0.3166,0.3,0.3,"20180628 09:20:22.332660","20180628 09:19:59.600000",1
3,676479.0,0.01,676275.0,676224.0,676223.0,676171.0,676133.0,676479.0,676536.0,676563.0,676564.0,676578.0,0.0100329,0.2924,1.7100329,0.0100329,0.50000013,0.423087,0.004,0.3166,0.3,0.3,"20180628 09:20:21.902463","20180628 09:20:20.710000",2
36,676479.0,0.01,676275.0,676224.0,676223.0,676171.0,676133.0,676479.0,676536.0,676563.0,676564.0,676578.0,0.0100329,0.2924,1.7100329,0.0100329,0.50000013,0.423087,0.004,0.3166,0.3,0.3,"20180628 09:20:22.332660","20180628 09:20:20.710000",2
261,676733.0,0.01,676275.0,676224.0,676223.0,676171.0,676133.0,676479.0,676536.0,676563.0,676564.0,676578.0,0.0100329,0.2924,1.7100329,0.0100329,0.50000013,0.423087,0.004,0.3166,0.3,0.3,"20180628 09:20:22.691730","20180628 09:17:58.710000",1
269,676733.0,0.01,676275.0,676224.0,676223.0,676171.0,676133.0,676479.0,676536.0,676562.0,676564.0,676578.0,0.0100329,0.2924,1.7100329,0.0100329,0.50000013,0.413087,0.004,0.3166,0.3,0.3,"20180628 09:20:23.731899","20180628 09:17:58.710000",1
10,676479.0,0.01,676275.0,676224.0,676223.0,676171.0,676133.0,676479.0,676536.0,676564.0,676578.0,676634.0,0.0100329,0.2924,1.7100329,0.0100329,0.50000013,0.413087,0.004,0.3,0.3,0.0100324,"20180628 09:20:23.797554","20180628 09:20:20.710000",1
4,676479.0,0.01,676275.0,676225.0,676224.0,676223.0,676171.0,676479.0,676536.0,676563.0,676564.0,676578.0,0.0100329,0.50000013,0.2924,1.7100329,0.0100329,0.413087,0.004,0.3166,0.3,0.3,"20180628 09:20:24.732562","20180628 09:20:20.710000",1
262,676733.0,0.01,676275.0,676226.0,676225.0,676223.0,676171.0,676479.0,676536.0,676563.0,676564.0,676578.0,0.0100329,0.2924,1.10000026,1.7100329,0.0100329,0.413087,0.004,0.3166,0.3,0.3,"20180628 09:20:25.310153","20180628 09:17:58.710000",1
270,676733.0,0.01,676275.0,676226.0,676225.0,676223.0,676171.0,676479.0,676536.0,676564.0,676578.0,676634.0,0.0100329,0.2924,1.10000026,1.7100329,0.0100329,0.413087,0.004,0.3,0.3,0.0100324,"20180628 09:20:26.311651","20180628 09:17:58.710000",1
37,676479.0,0.01,676275.0,676225.0,676223.0,676171.0,676123.0,676479.0,676536.0,676563.0,676564.0,676578.0,0.0100329,1.10000026,1.7100329,0.0100329,0.98,0.413087,0.004,0.3166,0.3,0.3,"20180628 09:20:26.440690","20180628 09:20:20.710000",1
271,676733.0,0.01,676275.0,676227.0,676226.0,676223.0,676171.0,676479.0,676536.0,676564.0,676578.0,676634.0,0.0100329,0.50000013,0.2924,1.7100329,0.0100329,0.413087,0.004,0.3,0.3,0.0100324,"20180628 09:20:28.877620","20180628 09:17:58.710000",1
5,676479.0,0.01,676275.0,676226.0,676223.0,676171.0,676161.0,676479.0,676536.0,676564.0,676578.0,676634.0,0.0100329,0.2924,1.7100329,0.0100329,0.10004001,0.413087,0.004,0.3,0.3,0.0100324,"20180628 09:20:28.981521","20180628 09:20:20.710000",1
38,676479.0,0.01,676275.0,676227.0,676224.0,676223.0,676171.0,676479.0,676536.0,676564.0,676578.0,676634.0,0.0100329,0.50000013,0.2924,1.7100329,0.0100329,0.413087,0.004,0.3,0.3,0.0100324,"20180628 09:20:29.077211","20180628 09:20:20.710000",1
263,676733.0,0.01,676275.0,676226.0,676223.0,676171.0,676161.0,676479.0,676536.0,676564.0,676578.0,676634.0,0.0100329,0.2924,1.7100329,0.0100329,0.10004001,0.413087,0.004,0.3,0.3,0.0100324,"20180628 09:20:29.299580","20180628 09:17:58.710000",1
11,676479.0,0.01,676275.0,676226.0,676223.0,676171.0,676161.0,676479.0,676536.0,676564.0,676578.0,676634.0,0.0100329,0.2924,1.7100329,0.0100329,0.10004001,0.413087,0.004,0.3,0.3,0.0100324,"20180628 09:20:30.346623","20180628 09:20:20.710000",1
272,676733.0,0.01,676275.0,676228.0,676227.0,676223.0,676171.0,676479.0,676536.0,676563.0,676564.0,676578.0,0.0100329,0.2924,0.50000013,1.7100329,0.0100329,0.413087,0.004,0.3166,0.3,0.3,"20180628 09:20:31.470838","20180628 09:17:58.710000",1
264,676733.0,0.01,676275.0,676227.0,676223.0,676171.0,676162.0,676479.0,676536.0,676562.0,676578.0,676634.0,0.0100329,0.50000013,1.7100329,0.0100329,0.60000013,0.413087,0.004,0.3166,0.3,0.0100324,"20180628 09:20:32.163540","20180628 09:17:58.710000",1
39,676479.0,0.01,676275.0,676227.0,676223.0,676171.0,676162.0,676479.0,676536.0,676562.0,676578.0,676634.0,0.0100329,0.50000013,1.7100329,0.0100329,0.60000013,0.413087,0.004,0.3166,0.3,0.0100324,"20180628 09:20:32.635827","20180628 09:20:20.710000",1
6,676479.0,0.01,676275.0,676229.0,676227.0,676223.0,676171.0,676479.0,676536.0,676562.0,676578.0,676634.0,0.0100329,0.2924,0.50000013,1.7100329,0.0100329,0.413087,0.004,0.3166,0.3,0.0100324,"20180628 09:20:33.090915","20180628 09:20:20.710000",1
12,676479.0,0.01,676275.0,676229.0,676228.0,676223.0,676171.0,676479.0,676536.0,676563.0,676634.0,676658.0,0.0100329,0.50000013,0.2924,1.7100329,0.0100329,0.413087,0.004,0.3166,0.0100324,0.3,"20180628 09:20:33.220472","20180628 09:20:20.710000",1
265,676733.0,0.01,676275.0,676231.0,676229.0,676223.0,676171.0,676479.0,676536.0,676561.0,676634.0,676658.0,0.0100329,0.2879,0.50000013,1.7100329,0.0100329,0.413087,0.004,0.312,0.0100324,0.3,"20180628 09:20:34.232875","20180628 09:17:58.710000",1
40,676479.0,0.01,676275.0,676231.0,676229.0,676223.0,676171.0,676479.0,676536.0,676561.0,676634.0,676658.0,0.0100329,0.2879,0.50000013,1.7100329,0.0100329,0.413087,0.004,0.312,0.0100324,0.3,"20180628 09:20:34.852304","20180628 09:20:20.710000",1
273,676733.0,0.01,676275.0,676231.0,676229.0,676223.0,676171.0,676479.0,676536.0,676561.0,676634.0,676658.0,0.0100329,0.2879,0.50000013,1.7100329,0.0100329,0.413087,0.004,0.312,0.0100324,0.3,"20180628 09:20:35.587343","20180628 09:17:58.710000",1
7,676479.0,0.01,676275.0,676232.0,676229.0,676223.0,676171.0,676479.0,676536.0,676557.0,676560.0,676570.0,0.0100329,0.2829,0.50000013,1.7100329,0.0100329,0.413087,0.004,0.3,0.317,0.3,"20180628 09:20:35.738228","20180628 09:20:20.710000",1
266,676733.0,0.01,676275.0,676230.0,676223.0,676171.0,676123.0,676479.0,676536.0,676556.0,676570.0,676587.0,0.0100329,0.2829,1.7100329,0.0100329,0.98,0.413087,0.004,0.317,0.3,0.3,"20180628 09:20:36.873604","20180628 09:17:58.710000",1
41,676479.0,0.01,676275.0,676230.0,676223.0,676171.0,676123.0,676479.0,676536.0,676570.0,676587.0,676634.0,0.0100329,0.2829,1.7100329,0.0100329,0.98,0.413087,0.004,0.3,0.3,0.0100324,"20180628 09:20:37.804526","20180628 09:20:20.710000",1
13,676479.0,0.01,676275.0,676223.0,676171.0,676123.0,676119.0,676479.0,676536.0,676556.0,676557.0,676570.0,0.0100329,1.7100329,0.0100329,0.98,0.0100329,0.413087,0.004,0.317,0.3,0.3,"20180628 09:20:38.098922","20180628 09:20:20.710000",1
8,676479.0,0.01,676275.0,676231.0,676223.0,676171.0,676123.0,676479.0,676536.0,676569.0,676587.0,676634.0,0.0100329,0.2829,1.7100329,0.0100329,0.98,0.413087,0.004,0.317,0.3,0.0100324,"20180628 09:20:40.128098","20180628 09:20:20.710000",1
267,676733.0,0.01,676275.0,676226.0,676223.0,676171.0,676123.0,676479.0,676536.0,676634.0,676656.0,676658.0,0.0100329,1.38290026,1.7100329,0.0100329,0.98,0.413087,0.004,0.0100324,0.317,0.3,"20180628 09:20:40.833850","20180628 09:17:58.710000",1
14,676479.0,0.01,676275.0,676227.0,676226.0,676223.0,676171.0,676479.0,676536.0,676634.0,676658.0,676686.0,0.0100329,0.2829,1.38290026,1.7100329,0.0100329,0.413087,0.004,0.0100324,0.3,0.0100324,"20180628 09:20:40.966665","20180628 09:20:20.710000",1
42,676479.0,0.01,676275.0,676227.0,676226.0,676223.0,676171.0,676479.0,676536.0,676634.0,676658.0,676686.0,0.0100329,0.2829,1.38290026,1.7100329,0.0100329,0.413087,0.004,0.0100324,0.3,0.0100324,"20180628 09:20:41.128229","20180628 09:20:20.710000",1
274,676733.0,0.01,676275.0,676227.0,676226.0,676223.0,676171.0,676479.0,676536.0,676634.0,676658.0,676686.0,0.0100329,0.2829,1.38290026,1.7100329,0.0100329,0.413087,0.004,0.0100324,0.3,0.0100324,"20180628 09:20:41.635165","20180628 09:17:58.710000",1
9,676479.0,0.01,676275.0,676228.0,676226.0,676223.0,676171.0,676479.0,676536.0,676634.0,676655.0,676657.0,0.0100329,0.73193261,1.10000026,1.7100329,0.0100329,0.413087,0.004,0.0100324,0.03096739,0.317,"20180628 09:20:43.110857","20180628 09:20:20.710000",1
268,676733.0,0.01,676275.0,676229.0,676228.0,676223.0,676171.0,676479.0,676536.0,676634.0,676654.0,676658.0,0.0100329,0.2829,0.44903261,1.7100329,0.0100329,0.413087,0.004,0.0100324,0.317,0.3,"20180628 09:20:43.408459","20180628 09:17:58.710000",1
275,676733.0,0.01,676275.0,676230.0,676229.0,676228.0,676223.0,676479.0,676536.0,676634.0,676652.0,676654.0,0.0100329,1.10000026,0.2829,0.44903261,1.7100329,0.413087,0.004,0.0100324,0.03096739,0.317,"20180628 09:20:44.209281","20180628 09:17:58.710000",1
43,676479.0,0.01,676275.0,676230.0,676229.0,676228.0,676223.0,676479.0,676536.0,676634.0,676652.0,676654.0,0.0100329,1.10000026,0.2829,0.44903261,1.7100329,0.413087,0.004,0.0100324,0.03096739,0.317,"20180628 09:20:44.663514","20180628 09:20:20.710000",1
15,676479.0,0.01,676275.0,676232.0,676230.0,676229.0,676223.0,676479.0,676536.0,676634.0,676655.0,676657.0,0.0100329,0.44903261,1.10000026,0.2829,1.7100329,0.413087,0.004,0.0100324,0.03096739,0.317,"20180628 09:20:45.443089","20180628 09:20:20.710000",1
10,676479.0,0.01,676275.0,676232.0,676230.0,676229.0,676223.0,676479.0,676536.0,676634.0,676655.0,676657.0,0.0100329,0.44903261,1.10000026,0.2829,1.7100329,0.413087,0.004,0.0100324,0.03096739,0.317,"20180628 09:20:45.730936","20180628 09:20:20.710000",1
11,676479.0,0.01,676275.0,676232.0,676230.0,676229.0,676223.0,676479.0,676536.0,676634.0,676655.0,676657.0,0.0100329,0.44903261,1.10000026,0.2829,1.7100329,0.413087,0.004,0.0100324,0.03096739,0.317,"20180628 09:20:45.730936","20180628 09:20:44.477000",2
269,676733.0,0.01,676275.0,676232.0,676231.0,676230.0,676223.0,676479.0,676536.0,676634.0,676649.0,676651.0,0.0100329,0.44903261,0.2829,1.10000026,1.7100329,0.403087,0.004,0.0100324,0.03096739,0.317,"20180628 09:20:46.033893","20180628 09:17:58.710000",1
16,676479.0,0.01,676275.0,676232.0,676230.0,676229.0,676223.0,676479.0,676536.0,676634.0,676655.0,676657.0,0.0100329,0.44903261,1.10000026,0.2829,1.7100329,0.413087,0.004,0.0100324,0.03096739,0.317,"20180628 09:20:45.443089","20180628 09:20:44.477000",2
44,676479.0,0.01,676275.0,676230.0,676229.0,676228.0,676223.0,676479.0,676536.0,676634.0,676652.0,676654.0,0.0100329,1.10000026,0.2829,0.44903261,1.7100329,0.413087,0.004,0.0100324,0.03096739,0.317,"20180628 09:20:44.663514","20180628 09:20:44.477000",2
276,676733.0,0.01,676275.0,676233.0,676232.0,676230.0,676223.0,676479.0,676536.0,676634.0,676648.0,676658.0,0.0100329,0.2829,0.44903261,1.10000026,1.7100329,0.403087,0.004,0.0100324,0.317,0.3,"20180628 09:20:46.869608","20180628 09:17:58.710000",1
45,676479.0,0.01,676275.0,676233.0,676232.0,676223.0,676171.0,676479.0,676536.0,676634.0,676646.0,676658.0,0.0100329,0.2829,0.44903261,1.7100329,0.0100329,0.403087,0.004,0.0100324,0.03096739,0.3,"20180628 09:20:47.387069","20180628 09:20:44.477000",1
17,676479.0,0.01,676275.0,676233.0,676225.0,676223.0,676171.0,676479.0,676536.0,676634.0,676643.0,676645.0,0.0100329,0.2879,0.44903261,1.7100329,0.0100329,0.403087,0.004,0.0100324,0.03096739,0.312,"20180628 09:20:48.734669","20180628 09:20:44.477000",1
12,676479.0,0.01,676275.0,676233.0,676225.0,676223.0,676171.0,676479.0,676536.0,676634.0,676643.0,676645.0,0.0100329,0.2879,0.44903261,1.7100329,0.0100329,0.403087,0.004,0.0100324,0.03096739,0.312,"20180628 09:20:49.055733","20180628 09:20:44.477000",1
277,676733.0,0.01,676275.0,676235.0,676225.0,676223.0,676171.0,676479.0,676536.0,676634.0,676640.0,676641.0,0.0100329,0.2879,0.44903261,1.7100329,0.0100329,0.403087,0.004,0.0100324,0.03096739,0.312,"20180628 09:20:49.332932","20180628 09:17:58.710000",1
270,676733.0,0.01,676275.0,676234.0,676225.0,676223.0,676171.0,676479.0,676536.0,676634.0,676642.0,676643.0,0.0100329,0.2879,0.44903261,1.7100329,0.0100329,0.403087,0.004,0.0100324,0.312,0.03096739,"20180628 09:20:49.666673","20180628 09:17:58.710000",1
46,676479.0,0.01,676275.0,676235.0,676225.0,676223.0,676171.0,676479.0,676536.0,676634.0,676640.0,676641.0,0.0100329,0.2879,0.44903261,1.7100329,0.0100329,0.403087,0.004,0.0100324,0.03096739,0.312,"20180628 09:20:51.274067","20180628 09:20:44.477000",1
18,676479.0,0.01,676275.0,676238.0,676236.0,676223.0,676178.0,676479.0,676536.0,676634.0,676639.0,676686.0,0.0100329,0.44903261,1.38790026,1.7100329,0.3,0.403087,0.004,0.0100324,0.34296739,0.0100324,"20180628 09:20:51.355757","20180628 09:20:44.477000",1
271,676733.0,0.01,676275.0,676247.0,676238.0,676237.0,676236.0,676479.0,676536.0,676634.0,676637.0,676638.0,0.0100329,0.3,0.74903261,0.2879,1.10000026,0.403087,0.004,0.0100324,0.03096739,0.312,"20180628 09:20:52.262264","20180628 09:17:58.710000",1
13,676479.0,0.01,676275.0,676238.0,676237.0,676236.0,676223.0,676479.0,676536.0,676634.0,676637.0,676638.0,0.0100329,0.74903261,0.2879,1.10000026,1.7100329,0.403087,0.004,0.0100324,0.03096739,0.312,"20180628 09:20:52.734810","20180628 09:20:44.477000",1
19,676239.0,0.4020671,676275.0,676238.0,676236.0,676223.0,676178.0,676479.0,676536.0,676634.0,676639.0,676686.0,0.0100329,0.44903261,1.38790026,1.7100329,0.3,0.403087,0.004,0.0100324,0.34296739,0.0100324,"20180628 09:20:51.355757","20180628 09:20:51.693000",2
47,676239.0,0.4020671,676275.0,676235.0,676225.0,676223.0,676171.0,676479.0,676536.0,676634.0,676640.0,676641.0,0.0100329,0.2879,0.44903261,1.7100329,0.0100329,0.403087,0.004,0.0100324,0.03096739,0.312,"20180628 09:20:51.274067","20180628 09:20:51.693000",2
48,676239.0,0.4020671,676238.0,676236.0,676223.0,676178.0,676171.0,676479.0,676536.0,676634.0,676686.0,676726.0,0.44903261,1.10000026,1.7100329,0.3,0.0100329,0.403087,0.004,0.0100324,0.0100324,0.03096739,"20180628 09:20:54.183139","20180628 09:20:51.693000",1
20,676239.0,0.4020671,676238.0,676236.0,676223.0,676178.0,676171.0,676479.0,676536.0,676634.0,676686.0,676726.0,0.44903261,1.10000026,1.7100329,0.3,0.0100329,0.403087,0.004,0.0100324,0.0100324,0.03096739,"20180628 09:20:54.256255","20180628 09:20:51.693000",1
278,676733.0,0.01,676239.0,676238.0,676236.0,676223.0,676178.0,676479.0,676536.0,676634.0,676635.0,676686.0,0.04696551,0.3,1.10000026,1.7100329,0.3,0.403087,0.004,0.0100324,0.312,0.0100324,"20180628 09:20:54.280459","20180628 09:17:58.710000",1
14,676239.0,0.4020671,676275.0,676238.0,676237.0,676236.0,676223.0,676479.0,676536.0,676634.0,676637.0,676638.0,0.0100329,0.74903261,0.2879,1.10000026,1.7100329,0.403087,0.004,0.0100324,0.03096739,0.312,"20180628 09:20:52.734810","20180628 09:20:51.693000",2
272,676733.0,0.01,676239.0,676223.0,676171.0,676123.0,676119.0,676478.0,676479.0,676536.0,676578.0,676634.0,1.10000026,1.7100329,0.0100329,0.98,0.0100329,0.456,0.403087,0.004,0.3,0.0100324,"20180628 09:20:54.914537","20180628 09:17:58.710000",1
15,676239.0,0.4020671,676239.0,676223.0,676171.0,676123.0,676119.0,676477.0,676478.0,676479.0,676528.0,676530.0,1.10000026,1.7100329,0.0100329,0.98,0.0100329,0.451,0.0100324,0.403087,0.3,0.0100324,"20180628 09:20:55.364188","20180628 09:20:51.693000",1
49,676239.0,0.4020671,676239.0,676223.0,676171.0,676123.0,676119.0,676455.0,676478.0,676479.0,676528.0,676530.0,1.10000026,1.7100329,0.0100329,0.98,0.0100329,0.3,0.4610324,0.403087,0.3,0.0100324,"20180628 09:20:56.851839","20180628 09:20:51.693000",1
21,676239.0,0.4020671,676239.0,676223.0,676171.0,676123.0,676119.0,676449.0,676455.0,676478.0,676479.0,676528.0,1.10000026,1.7100329,0.0100329,0.98,0.0100329,0.3,0.3,0.4610324,0.403087,0.3,"20180628 09:20:57.099925","20180628 09:20:51.693000",1
279,676733.0,0.01,676239.0,676223.0,676171.0,676123.0,676119.0,676449.0,676455.0,676478.0,676479.0,676528.0,1.10000026,1.7100329,0.0100329,0.98,0.0100329,0.3,0.3,0.4610324,0.403087,0.3,"20180628 09:20:57.812445","20180628 09:17:58.710000",1
273,676733.0,0.01,676239.0,676223.0,676171.0,676123.0,676119.0,676449.0,676455.0,676478.0,676479.0,676528.0,1.10000026,1.7100329,0.0100329,0.98,0.0100329,0.3,0.3,0.0100324,0.403087,0.3,"20180628 09:20:57.866469","20180628 09:17:58.710000",1
16,676239.0,0.4020671,676239.0,676223.0,676171.0,676123.0,676119.0,676449.0,676455.0,676478.0,676479.0,676528.0,1.10000026,1.7100329,0.0100329,0.98,0.0100329,0.3,0.3,0.0100324,0.403087,0.3,"20180628 09:20:57.987149","20180628 09:20:51.693000",1
22,676239.0,0.4020671,676223.0,676171.0,676123.0,676119.0,676067.0,676448.0,676454.0,676478.0,676479.0,676528.0,1.7100329,0.0100329,0.98,0.0100329,0.0100329,0.446,0.446,0.0100324,0.403087,0.3,"20180628 09:21:00.407015","20180628 09:20:51.693000",1
280,676733.0,0.01,676223.0,676171.0,676123.0,676119.0,676067.0,676478.0,676479.0,676528.0,676530.0,676536.0,1.7100329,0.0100329,0.98,0.0100329,0.0100329,0.0100324,0.403087,0.3,0.0100324,0.004,"20180628 09:21:00.451737","20180628 09:17:58.710000",1
274,676733.0,0.01,676223.0,676171.0,676123.0,676119.0,676067.0,676478.0,676479.0,676528.0,676530.0,676536.0,1.7100329,0.0100329,0.98,0.0100329,0.0100329,0.4560324,0.403087,0.3,0.0100324,0.004,"20180628 09:21:00.492035","20180628 09:17:58.710000",1
50,676239.0,0.4020671,676223.0,676171.0,676123.0,676119.0,676067.0,676449.0,676454.0,676455.0,676478.0,676479.0,1.7100329,0.0100329,0.98,0.0100329,0.0100329,0.3,0.446,0.3,0.0100324,0.403087,"20180628 09:21:01.250258","20180628 09:20:51.693000",1
17,676239.0,0.4020671,676223.0,676171.0,676123.0,676119.0,676067.0,676478.0,676479.0,676528.0,676530.0,676536.0,1.7100329,0.0100329,0.98,0.0100329,0.0100329,0.4560324,0.403087,0.3,0.0100324,0.004,"20180628 09:21:02.132977","20180628 09:20:51.693000",1
281,676733.0,0.01,676327.0,676224.0,676223.0,676171.0,676123.0,676478.0,676479.0,676528.0,676530.0,676536.0,0.037,1.10000026,1.7100329,0.0100329,0.98,0.0100324,0.403087,0.3,0.0100324,0.004,"20180628 09:21:03.022738","20180628 09:17:58.710000",1
275,676733.0,0.01,676327.0,676224.0,676223.0,676171.0,676123.0,676478.0,676479.0,676528.0,676530.0,676536.0,0.037,1.10000026,1.7100329,0.0100329,0.98,0.0100324,0.403087,0.3,0.0100324,0.004,"20180628 09:21:04.195018","20180628 09:17:58.710000",1
51,676239.0,0.4020671,676327.0,676224.0,676223.0,676171.0,676123.0,676475.0,676478.0,676479.0,676528.0,676530.0,0.037,1.10000026,1.7100329,0.0100329,0.98,0.451,0.0100324,0.403087,0.3,0.0100324,"20180628 09:21:04.259017","20180628 09:20:51.693000",1
23,676239.0,0.4020671,676327.0,676224.0,676223.0,676171.0,676123.0,676478.0,676479.0,676528.0,676530.0,676536.0,0.037,1.10000026,1.7100329,0.0100329,0.98,0.0100324,0.403087,0.3,0.0100324,0.004,"20180628 09:21:05.040759","20180628 09:20:51.693000",1
18,676239.0,0.4020671,676327.0,676224.0,676223.0,676171.0,676123.0,676478.0,676479.0,676528.0,676530.0,676536.0,0.037,1.10000026,1.7100329,0.0100329,0.98,0.4760324,0.403087,0.3,0.0100324,0.004,"20180628 09:21:05.220231","20180628 09:20:51.693000",1
52,676478.0,0.0139676,676327.0,676224.0,676223.0,676171.0,676123.0,676475.0,676478.0,676479.0,676528.0,676530.0,0.037,1.10000026,1.7100329,0.0100329,0.98,0.451,0.0100324,0.403087,0.3,0.0100324,"20180628 09:21:04.259017","20180628 09:21:04.117000",2
19,676478.0,0.0139676,676327.0,676224.0,676223.0,676171.0,676123.0,676478.0,676479.0,676528.0,676530.0,676536.0,0.037,1.10000026,1.7100329,0.0100329,0.98,0.4760324,0.403087,0.3,0.0100324,0.004,"20180628 09:21:05.220231","20180628 09:21:04.117000",2
24,676478.0,0.0139676,676327.0,676224.0,676223.0,676171.0,676123.0,676478.0,676479.0,676528.0,676530.0,676536.0,0.037,1.10000026,1.7100329,0.0100329,0.98,0.0100324,0.403087,0.3,0.0100324,0.004,"20180628 09:21:05.040759","20180628 09:21:04.117000",2
282,676733.0,0.01,676327.0,676223.0,676171.0,676123.0,676119.0,676478.0,676479.0,676528.0,676530.0,676536.0,0.037,1.7100329,0.0100329,0.98,0.0100329,0.4760324,0.403087,0.3,0.0100324,0.004,"20180628 09:21:05.982319","20180628 09:17:58.710000",1
276,676733.0,0.01,676327.0,676224.0,676223.0,676171.0,676124.0,676479.0,676527.0,676530.0,676536.0,676578.0,0.037,0.50000013,1.7100329,0.0100329,0.60000013,0.403087,0.459,0.0100324,0.004,0.3,"20180628 09:21:07.076989","20180628 09:17:58.710000",1
25,676479.0,0.01,676327.0,676224.0,676223.0,676171.0,676123.0,676478.0,676479.0,676528.0,676530.0,676536.0,0.037,1.10000026,1.7100329,0.0100329,0.98,0.0100324,0.403087,0.3,0.0100324,0.004,"20180628 09:21:05.040759","20180628 09:21:05.993000",2
20,676478.0,0.0139676,676327.0,676224.0,676223.0,676171.0,676124.0,676479.0,676530.0,676536.0,676578.0,676634.0,0.037,0.50000013,1.7100329,0.0100329,0.60000013,0.393087,0.0100324,0.004,0.3,0.0100324,"20180628 09:21:07.849355","20180628 09:21:04.117000",1
26,676479.0,0.01,676327.0,676224.0,676223.0,676171.0,676124.0,676479.0,676526.0,676530.0,676536.0,676578.0,0.037,0.50000013,1.7100329,0.0100329,0.60000013,0.393087,0.459,0.0100324,0.004,0.3,"20180628 09:21:07.913524","20180628 09:21:05.993000",1
53,676478.0,0.0139676,676327.0,676224.0,676223.0,676171.0,676124.0,676479.0,676530.0,676536.0,676578.0,676634.0,0.037,0.50000013,1.7100329,0.0100329,0.60000013,0.393087,0.0100324,0.004,0.3,0.0100324,"20180628 09:21:07.985911","20180628 09:21:04.117000",1
283,676733.0,0.01,676327.0,676224.0,676223.0,676171.0,676124.0,676479.0,676530.0,676536.0,676577.0,676578.0,0.037,0.50000013,1.7100329,0.0100329,0.60000013,0.393087,0.0100324,0.004,0.459,0.3,"20180628 09:21:08.732462","20180628 09:17:58.710000",1
21,676223.0,0.0641671,676327.0,676224.0,676223.0,676171.0,676124.0,676479.0,676530.0,676536.0,676578.0,676634.0,0.037,0.50000013,1.7100329,0.0100329,0.60000013,0.393087,0.0100324,0.004,0.3,0.0100324,"20180628 09:21:07.849355","20180628 09:21:07.850000",2
27,676223.0,0.0641671,676327.0,676224.0,676223.0,676171.0,676124.0,676479.0,676526.0,676530.0,676536.0,676578.0,0.037,0.50000013,1.7100329,0.0100329,0.60000013,0.393087,0.459,0.0100324,0.004,0.3,"20180628 09:21:07.913524","20180628 09:21:07.850000",2
277,676733.0,0.01,676275.0,676224.0,676223.0,676171.0,676124.0,676478.0,676479.0,676530.0,676536.0,676578.0,0.0100329,0.50000013,1.6358329,0.0100329,0.60000013,0.459,0.393087,0.0100324,0.004,0.3,"20180628 09:21:09.648353","20180628 09:17:58.710000",1
54,676426.0,0.01,676327.0,676224.0,676223.0,676171.0,676124.0,676479.0,676530.0,676536.0,676578.0,676634.0,0.037,0.50000013,1.7100329,0.0100329,0.60000013,0.393087,0.0100324,0.004,0.3,0.0100324,"20180628 09:21:07.985911","20180628 09:21:09.430000",2
22,676223.0,0.0641671,676275.0,676224.0,676223.0,676171.0,676124.0,676426.0,676478.0,676479.0,676530.0,676536.0,0.0100329,0.50000013,1.6358329,0.0100329,0.60000013,0.0100324,0.459,0.393087,0.0100324,0.004,"20180628 09:21:10.726843","20180628 09:21:07.850000",1
55,676426.0,0.01,676275.0,676224.0,676223.0,676171.0,676124.0,676426.0,676478.0,676479.0,676530.0,676536.0,0.0100329,0.50000013,1.6358329,0.0100329,0.60000013,0.0100324,0.459,0.393087,0.0100324,0.004,"20180628 09:21:10.867889","20180628 09:21:09.430000",1
23,676426.0,0.01,676275.0,676224.0,676223.0,676171.0,676124.0,676426.0,676478.0,676479.0,676530.0,676536.0,0.0100329,0.50000013,1.6358329,0.0100329,0.60000013,0.0100324,0.459,0.393087,0.0100324,0.004,"20180628 09:21:10.726843","20180628 09:21:09.430000",2
28,676426.0,0.01,676327.0,676224.0,676223.0,676171.0,676124.0,676479.0,676526.0,676530.0,676536.0,676578.0,0.037,0.50000013,1.7100329,0.0100329,0.60000013,0.393087,0.459,0.0100324,0.004,0.3,"20180628 09:21:07.913524","20180628 09:21:09.430000",2
284,676733.0,0.01,676275.0,676224.0,676223.0,676171.0,676124.0,676426.0,676478.0,676479.0,676530.0,676536.0,0.0100329,0.50000013,1.6358329,0.0100329,0.60000013,3.24e-05,0.459,0.393087,0.0100324,0.004,"20180628 09:21:11.346534","20180628 09:17:58.710000",1
29,676426.0,0.01,676275.0,676224.0,676223.0,676171.0,676124.0,676426.0,676478.0,676479.0,676530.0,676536.0,0.0100329,0.50000013,1.6358329,0.0100329,0.60000013,0.0100324,0.459,0.393087,0.0100324,0.004,"20180628 09:21:11.413546","20180628 09:21:09.430000",1
278,676733.0,0.01,676275.0,676224.0,676223.0,676171.0,676124.0,676426.0,676478.0,676479.0,676530.0,676536.0,0.0100329,0.50000013,1.6358329,0.0100329,0.60000013,3.24e-05,0.459,0.393087,0.0100324,0.004,"20180628 09:21:12.315619","20180628 09:17:58.710000",1
56,676426.0,0.01,676275.0,676223.0,676171.0,676123.0,676119.0,676426.0,676478.0,676479.0,676530.0,676536.0,0.0100329,1.6358329,0.0100329,0.98,0.0100329,3.24e-05,0.459,0.393087,0.0100324,0.004,"20180628 09:21:13.722068","20180628 09:21:09.430000",1
30,676426.0,0.01,676275.0,676223.0,676171.0,676123.0,676119.0,676426.0,676478.0,676479.0,676530.0,676536.0,0.0100329,1.6358329,0.0100329,0.98,0.0100329,3.24e-05,0.459,0.393087,0.0100324,0.004,"20180628 09:21:14.167407","20180628 09:21:09.430000",1
24,676426.0,0.01,676275.0,676223.0,676171.0,676123.0,676119.0,676426.0,676478.0,676479.0,676530.0,676536.0,0.0100329,1.6358329,0.0100329,0.98,0.0100329,3.24e-05,0.459,0.393087,0.0100324,0.004,"20180628 09:21:14.488896","20180628 09:21:09.430000",1
25,676275.0,0.0039329,676275.0,676223.0,676171.0,676123.0,676119.0,676426.0,676478.0,676479.0,676530.0,676536.0,0.0100329,1.6358329,0.0100329,0.98,0.0100329,3.24e-05,0.459,0.393087,0.0100324,0.004,"20180628 09:21:14.488896","20180628 09:21:13.413000",2
285,676733.0,0.01,676275.0,676223.0,676171.0,676123.0,676119.0,676426.0,676478.0,676479.0,676530.0,676536.0,0.0100329,1.6358329,0.0100329,0.98,0.0100329,3.24e-05,0.459,0.393087,0.0100324,0.004,"20180628 09:21:15.851021","20180628 09:17:58.710000",1
279,676733.0,0.01,676223.0,676171.0,676123.0,676119.0,676098.0,676224.0,676426.0,676478.0,676479.0,676530.0,1.6358329,0.0100329,0.98,0.0100329,0.3,0.0020671,3.24e-05,0.459,0.393087,0.0100324,"20180628 09:21:16.027266","20180628 09:17:58.710000",1
57,676223.0,0.001,676275.0,676223.0,676171.0,676123.0,676119.0,676426.0,676478.0,676479.0,676530.0,676536.0,0.0100329,1.6358329,0.0100329,0.98,0.0100329,3.24e-05,0.459,0.393087,0.0100324,0.004,"20180628 09:21:13.722068","20180628 09:21:14.897000",2
31,676275.0,0.0039329,676275.0,676223.0,676171.0,676123.0,676119.0,676426.0,676478.0,676479.0,676530.0,676536.0,0.0100329,1.6358329,0.0100329,0.98,0.0100329,3.24e-05,0.459,0.393087,0.0100324,0.004,"20180628 09:21:14.167407","20180628 09:21:13.413000",2
58,676223.0,0.001,676223.0,676171.0,676123.0,676119.0,676067.0,676224.0,676426.0,676478.0,676479.0,676530.0,1.6358329,0.0100329,0.98,0.0100329,0.0100329,0.0020671,3.24e-05,0.4690324,0.393087,0.0100324,"20180628 09:21:16.259921","20180628 09:21:14.897000",1
26,676224.0,0.0020671,676275.0,676223.0,676171.0,676123.0,676119.0,676426.0,676478.0,676479.0,676530.0,676536.0,0.0100329,1.6358329,0.0100329,0.98,0.0100329,3.24e-05,0.459,0.393087,0.0100324,0.004,"20180628 09:21:14.488896","20180628 09:21:15.227000",2
32,676275.0,0.0039329,676223.0,676171.0,676123.0,676119.0,676067.0,676224.0,676426.0,676478.0,676479.0,676530.0,1.6348329,0.0100329,0.98,0.0100329,0.0100329,0.0020671,3.24e-05,0.4690324,0.393087,0.0100324,"20180628 09:21:16.739785","20180628 09:21:13.413000",1
27,676224.0,0.0020671,676223.0,676171.0,676123.0,676119.0,676067.0,676224.0,676426.0,676478.0,676479.0,676530.0,1.6348329,0.0100329,0.98,0.0100329,0.0100329,0.0020671,3.24e-05,0.4690324,0.393087,0.0100324,"20180628 09:21:17.633948","20180628 09:21:15.227000",1
59,676224.0,0.0020671,676223.0,676171.0,676123.0,676119.0,676067.0,676224.0,676426.0,676478.0,676479.0,676530.0,1.6358329,0.0100329,0.98,0.0100329,0.0100329,0.0020671,3.24e-05,0.4690324,0.393087,0.0100324,"20180628 09:21:16.259921","20180628 09:21:15.227000",2
33,676224.0,0.0020671,676223.0,676171.0,676123.0,676119.0,676067.0,676224.0,676426.0,676478.0,676479.0,676530.0,1.6348329,0.0100329,0.98,0.0100329,0.0100329,0.0020671,3.24e-05,0.4690324,0.393087,0.0100324,"20180628 09:21:16.739785","20180628 09:21:15.227000",2
286,676733.0,0.01,676224.0,676223.0,676171.0,676124.0,676123.0,676426.0,676478.0,676479.0,676530.0,676536.0,0.49793303,1.6348329,0.0100329,0.60000013,0.98,3.24e-05,0.4690324,0.393087,0.0100324,0.004,"20180628 09:21:18.434272","20180628 09:17:58.710000",1
60,676224.0,0.0020671,676224.0,676223.0,676171.0,676124.0,676123.0,676426.0,676478.0,676479.0,676530.0,676536.0,0.49793303,1.6348329,0.0100329,0.60000013,0.98,3.24e-05,0.4690324,0.393087,0.0100324,0.004,"20180628 09:21:18.913086","20180628 09:21:15.227000",1
280,676733.0,0.01,676224.0,676223.0,676171.0,676124.0,676123.0,676426.0,676478.0,676479.0,676530.0,676536.0,0.49793303,1.6348329,0.0100329,0.60000013,0.98,3.24e-05,0.4690324,0.393087,0.0100324,0.004,"20180628 09:21:18.981855","20180628 09:17:58.710000",1
34,676224.0,0.0020671,676224.0,676223.0,676171.0,676124.0,676123.0,676426.0,676478.0,676479.0,676530.0,676536.0,0.49793303,1.6348329,0.0100329,0.60000013,0.98,3.24e-05,0.4690324,0.393087,0.0100324,0.004,"20180628 09:21:19.362483","20180628 09:21:15.227000",1
287,676733.0,0.01,676223.0,676171.0,676123.0,676119.0,676067.0,676426.0,676478.0,676479.0,676530.0,676536.0,1.6348329,0.0100329,0.98,0.0100329,0.0100329,3.24e-05,0.4690324,0.393087,0.0100324,0.004,"20180628 09:21:21.095395","20180628 09:17:58.710000",1
28,676224.0,0.0020671,676223.0,676171.0,676123.0,676119.0,676067.0,676426.0,676478.0,676479.0,676530.0,676536.0,1.6348329,0.0100329,0.98,0.0100329,0.0100329,3.24e-05,0.4690324,0.393087,0.0100324,0.004,"20180628 09:21:21.198440","20180628 09:21:15.227000",1
61,676224.0,0.0020671,676223.0,676171.0,676123.0,676119.0,676067.0,676426.0,676478.0,676479.0,676530.0,676536.0,1.6348329,0.0100329,0.98,0.0100329,0.0100329,3.24e-05,0.4690324,0.393087,0.0100324,0.004,"20180628 09:21:21.509038","20180628 09:21:15.227000",1
35,676224.0,0.0020671,676223.0,676171.0,676123.0,676119.0,676067.0,676426.0,676478.0,676479.0,676530.0,676536.0,1.6348329,0.0100329,0.98,0.0100329,0.0100329,3.24e-05,0.4690324,0.393087,0.0100324,0.004,"20180628 09:21:21.963358","20180628 09:21:15.227000",1
288,676733.0,0.01,676225.0,676223.0,676171.0,676165.0,676123.0,676426.0,676478.0,676479.0,676530.0,676536.0,0.12737893,1.6348329,0.0100329,0.3,0.98,3.24e-05,0.0100324,0.393087,0.0100324,0.004,"20180628 09:21:23.609519","20180628 09:17:58.710000",1
29,676224.0,0.0020671,676225.0,676223.0,676171.0,676165.0,676123.0,676426.0,676478.0,676479.0,676530.0,676536.0,0.12737893,1.6348329,0.0100329,0.3,0.98,3.24e-05,0.0100324,0.393087,0.0100324,0.004,"20180628 09:21:23.768764","20180628 09:21:15.227000",1
36,676224.0,0.0020671,676226.0,676225.0,676223.0,676171.0,676165.0,676426.0,676478.0,676479.0,676530.0,676536.0,0.50000013,0.12737893,1.6348329,0.0100329,0.3,3.24e-05,0.0100324,0.393087,0.0100324,0.004,"20180628 09:21:24.528096","20180628 09:21:15.227000",1
62,676224.0,0.0020671,676225.0,676223.0,676171.0,676165.0,676123.0,676426.0,676478.0,676479.0,676530.0,676536.0,0.12737893,1.6348329,0.0100329,0.3,0.98,3.24e-05,0.0100324,0.393087,0.0100324,0.004,"20180628 09:21:24.987634","20180628 09:21:15.227000",1
281,676733.0,0.01,676225.0,676224.0,676223.0,676171.0,676165.0,676426.0,676478.0,676479.0,676530.0,676536.0,0.12737893,0.1709,1.6348329,0.0100329,0.3,3.24e-05,0.0100324,0.393087,0.0100324,0.004,"20180628 09:21:25.747384","20180628 09:17:58.710000",1
289,676733.0,0.01,676226.0,676223.0,676171.0,676165.0,676124.0,676426.0,676478.0,676479.0,676530.0,676536.0,0.50000013,1.6348329,0.0100329,0.3,0.60000013,3.24e-05,0.4390324,0.393087,0.0100324,0.004,"20180628 09:21:26.107997","20180628 09:17:58.710000",1
30,676224.0,0.0020671,676226.0,676223.0,676171.0,676165.0,676124.0,676426.0,676478.0,676479.0,676530.0,676536.0,0.50000013,1.6348329,0.0100329,0.3,0.60000013,3.24e-05,0.0100324,0.393087,0.0100324,0.004,"20180628 09:21:26.360987","20180628 09:21:15.227000",1
37,676224.0,0.0020671,676228.0,676226.0,676223.0,676171.0,676165.0,676426.0,676478.0,676479.0,676530.0,676536.0,0.12737893,0.50000013,1.6348329,0.0100329,0.3,3.24e-05,0.0100324,0.393087,0.0100324,0.004,"20180628 09:21:27.110173","20180628 09:21:15.227000",1
63,676224.0,0.0020671,676228.0,676226.0,676223.0,676171.0,676165.0,676426.0,676478.0,676479.0,676530.0,676536.0,0.12737893,0.50000013,1.6348329,0.0100329,0.3,3.24e-05,0.0100324,0.393087,0.0100324,0.004,"20180628 09:21:28.130241","20180628 09:21:15.227000",1
282,676733.0,0.01,676228.0,676226.0,676223.0,676171.0,676165.0,676426.0,676478.0,676479.0,676530.0,676536.0,0.12737893,0.50000013,1.6348329,0.0100329,0.3,3.24e-05,0.0100324,0.393087,0.0100324,0.004,"20180628 09:21:28.305346","20180628 09:17:58.710000",1
290,676733.0,0.01,676228.0,676223.0,676171.0,676165.0,676123.0,676426.0,676478.0,676479.0,676530.0,676536.0,0.12737893,1.6348329,0.0100329,0.3,0.98,3.24e-05,0.4390324,0.393087,0.0100324,0.004,"20180628 09:21:28.610885","20180628 09:17:58.710000",1
31,676224.0,0.0020671,676223.0,676171.0,676123.0,676122.0,676119.0,676426.0,676478.0,676479.0,676530.0,676536.0,1.6348329,0.0100329,0.98,0.3,0.0100329,3.24e-05,0.4390324,0.393087,0.0100324,0.004,"20180628 09:21:28.936624","20180628 09:21:15.227000",1
38,676224.0,0.0020671,676223.0,676171.0,676123.0,676122.0,676119.0,676426.0,676477.0,676478.0,676479.0,676530.0,1.6348329,0.0100329,0.98,0.3,0.0100329,3.24e-05,0.429,0.0100324,0.393087,0.0100324,"20180628 09:21:29.624123","20180628 09:21:15.227000",1
283,676733.0,0.01,676223.0,676171.0,676123.0,676119.0,676067.0,676426.0,676478.0,676479.0,676530.0,676536.0,1.6348329,0.0100329,0.98,0.0100329,0.0100329,3.24e-05,0.4390324,0.393087,0.0100324,0.004,"20180628 09:21:30.905483","20180628 09:17:58.710000",1
64,676224.0,0.0020671,676223.0,676171.0,676123.0,676119.0,676067.0,676426.0,676478.0,676479.0,676530.0,676536.0,1.6348329,0.0100329,0.98,0.0100329,0.0100329,3.24e-05,0.4390324,0.393087,0.0100324,0.004,"20180628 09:21:31.057016","20180628 09:21:15.227000",1
32,676224.0,0.0020671,676223.0,676171.0,676123.0,676119.0,676067.0,676426.0,676478.0,676479.0,676530.0,676536.0,1.6348329,0.0100329,0.98,0.0100329,0.0100329,3.24e-05,0.4390324,0.393087,0.0100324,0.004,"20180628 09:21:31.530793","20180628 09:21:15.227000",1
291,676733.0,0.01,676223.0,676171.0,676123.0,676119.0,676075.0,676426.0,676478.0,676479.0,676530.0,676536.0,1.6348329,0.0100329,0.98,0.0100329,0.3,3.24e-05,0.4390324,0.393087,0.0100324,0.004,"20180628 09:21:32.130879","20180628 09:17:58.710000",1
39,676224.0,0.0020671,676223.0,676171.0,676123.0,676119.0,676075.0,676426.0,676478.0,676479.0,676530.0,676536.0,1.6348329,0.0100329,0.98,0.0100329,0.3,3.24e-05,0.4390324,0.393087,0.0100324,0.004,"20180628 09:21:32.640929","20180628 09:21:15.227000",1
284,676733.0,0.01,676223.0,676171.0,676123.0,676119.0,676087.0,676426.0,676478.0,676479.0,676530.0,676536.0,1.6348329,0.0100329,0.98,0.0100329,0.3,3.24e-05,0.4390324,0.393087,0.0100324,0.004,"20180628 09:21:33.503306","20180628 09:17:58.710000",1
65,676224.0,0.0020671,676223.0,676171.0,676123.0,676119.0,676087.0,676426.0,676478.0,676479.0,676530.0,676536.0,1.6348329,0.0100329,0.98,0.0100329,0.3,3.24e-05,0.4390324,0.393087,0.0100324,0.004,"20180628 09:21:33.985016","20180628 09:21:15.227000",1
33,676224.0,0.0020671,676223.0,676171.0,676123.0,676119.0,676087.0,676426.0,676478.0,676479.0,676530.0,676536.0,1.6348329,0.0100329,0.98,0.0100329,0.3,3.24e-05,0.4390324,0.393087,0.0100324,0.004,"20180628 09:21:34.332858","20180628 09:21:15.227000",1
66,676478.0,0.0099676,676223.0,676171.0,676123.0,676119.0,676087.0,676426.0,676478.0,676479.0,676530.0,676536.0,1.6348329,0.0100329,0.98,0.0100329,0.3,3.24e-05,0.4390324,0.393087,0.0100324,0.004,"20180628 09:21:33.985016","20180628 09:21:33.757000",2
292,676733.0,0.01,676223.0,676171.0,676123.0,676119.0,676087.0,676426.0,676478.0,676479.0,676530.0,676536.0,1.6348329,0.0100329,0.98,0.0100329,0.3,3.24e-05,0.4390324,0.393087,0.0100324,0.004,"20180628 09:21:34.702736","20180628 09:17:58.710000",1
40,676478.0,0.0099676,676223.0,676171.0,676123.0,676119.0,676075.0,676426.0,676478.0,676479.0,676530.0,676536.0,1.6348329,0.0100329,0.98,0.0100329,0.3,3.24e-05,0.4390324,0.393087,0.0100324,0.004,"20180628 09:21:32.640929","20180628 09:21:33.757000",2
41,676478.0,0.0099676,676223.0,676171.0,676123.0,676119.0,676087.0,676478.0,676479.0,676530.0,676536.0,676634.0,1.6348329,0.0100329,0.98,0.0100329,0.3,0.4290648,0.393087,0.0100324,0.004,0.0100324,"20180628 09:21:35.619890","20180628 09:21:33.757000",1
34,676478.0,0.0099676,676223.0,676171.0,676123.0,676119.0,676087.0,676426.0,676478.0,676479.0,676530.0,676536.0,1.6348329,0.0100329,0.98,0.0100329,0.3,3.24e-05,0.4390324,0.393087,0.0100324,0.004,"20180628 09:21:34.332858","20180628 09:21:33.757000",2
285,676733.0,0.01,676223.0,676171.0,676123.0,676119.0,676087.0,676478.0,676479.0,676530.0,676536.0,676634.0,1.6348329,0.0100329,0.98,0.0100329,0.3,6.48e-05,0.393087,0.0100324,0.004,0.0100324,"20180628 09:21:36.062513","20180628 09:17:58.710000",1
67,676478.0,0.0099676,676223.0,676171.0,676123.0,676119.0,676087.0,676478.0,676479.0,676530.0,676536.0,676634.0,1.6448658,0.0100329,0.98,0.0100329,0.3,6.48e-05,0.393087,0.0100324,0.004,0.0100324,"20180628 09:21:36.564980","20180628 09:21:33.757000",1
35,676478.0,0.0099676,676223.0,676171.0,676123.0,676119.0,676087.0,676478.0,676479.0,676530.0,676536.0,676634.0,1.6448658,0.0100329,0.98,0.0100329,0.3,6.48e-05,0.393087,0.0100324,0.004,0.0100324,"20180628 09:21:37.189406","20180628 09:21:33.757000",1
293,676733.0,0.01,676225.0,676223.0,676171.0,676123.0,676119.0,676478.0,676479.0,676530.0,676536.0,676634.0,0.12737893,1.6448658,0.0100329,0.98,0.0100329,0.4440648,0.393087,0.0100324,0.004,0.0100324,"20180628 09:21:37.265900","20180628 09:17:58.710000",1
36,676477.0,0.01,676223.0,676171.0,676123.0,676119.0,676087.0,676478.0,676479.0,676530.0,676536.0,676634.0,1.6448658,0.0100329,0.98,0.0100329,0.3,6.48e-05,0.393087,0.0100324,0.004,0.0100324,"20180628 09:21:37.189406","20180628 09:21:37.087000",2
68,676477.0,0.01,676223.0,676171.0,676123.0,676119.0,676087.0,676478.0,676479.0,676530.0,676536.0,676634.0,1.6448658,0.0100329,0.98,0.0100329,0.3,6.48e-05,0.393087,0.0100324,0.004,0.0100324,"20180628 09:21:36.564980","20180628 09:21:37.087000",2
42,676478.0,0.0099676,676226.0,676223.0,676171.0,676124.0,676123.0,676477.0,676478.0,676479.0,676530.0,676536.0,0.50000013,1.6448658,0.0100329,0.60000013,0.98,0.444,6.48e-05,0.393087,0.0100324,0.004,"20180628 09:21:38.362688","20180628 09:21:33.757000",1
69,676477.0,0.01,676226.0,676223.0,676171.0,676124.0,676123.0,676476.0,676478.0,676479.0,676530.0,676536.0,0.50000013,1.6448658,0.0100329,0.60000013,0.98,0.439,6.48e-05,0.393087,0.0100324,0.004,"20180628 09:21:39.037912","20180628 09:21:37.087000",1
43,676477.0,0.01,676226.0,676223.0,676171.0,676124.0,676123.0,676477.0,676478.0,676479.0,676530.0,676536.0,0.50000013,1.6448658,0.0100329,0.60000013,0.98,0.444,6.48e-05,0.393087,0.0100324,0.004,"20180628 09:21:38.362688","20180628 09:21:37.087000",2
286,676733.0,0.01,676226.0,676223.0,676171.0,676124.0,676123.0,676476.0,676478.0,676479.0,676530.0,676536.0,0.50000013,1.6448658,0.0100329,0.60000013,0.98,0.439,6.48e-05,0.393087,0.0100324,0.004,"20180628 09:21:39.500291","20180628 09:17:58.710000",1
294,676733.0,0.01,676226.0,676223.0,676171.0,676168.0,676124.0,676478.0,676479.0,676530.0,676536.0,676634.0,0.50000013,1.6448658,0.0100329,0.3,0.60000013,6.48e-05,0.393087,0.0100324,0.004,0.0100324,"20180628 09:21:39.768399","20180628 09:17:58.710000",1
44,676477.0,0.01,676226.0,676223.0,676171.0,676168.0,676124.0,676478.0,676479.0,676530.0,676536.0,676634.0,0.50000013,1.6448658,0.0100329,0.3,0.60000013,6.48e-05,0.393087,0.0100324,0.004,0.0100324,"20180628 09:21:40.923361","20180628 09:21:37.087000",1
37,676477.0,0.01,676226.0,676223.0,676171.0,676168.0,676124.0,676478.0,676479.0,676530.0,676536.0,676634.0,0.50000013,1.6448658,0.0100329,0.3,0.60000013,0.4390648,0.393087,0.0100324,0.004,0.0100324,"20180628 09:21:41.435515","20180628 09:21:37.087000",1
70,676477.0,0.01,676228.0,676223.0,676171.0,676168.0,676123.0,676478.0,676479.0,676530.0,676536.0,676634.0,0.12737893,1.6448658,0.0100329,0.3,0.98,6.48e-05,0.393087,0.0100324,0.004,0.0100324,"20180628 09:21:41.902328","20180628 09:21:37.087000",1
287,676733.0,0.01,676223.0,676171.0,676123.0,676119.0,676087.0,676478.0,676479.0,676530.0,676536.0,676634.0,1.6448658,0.0100329,0.98,0.0100329,0.3,0.4390648,0.393087,0.0100324,0.004,0.0100324,"20180628 09:21:42.749094","20180628 09:17:58.710000",1
295,676733.0,0.01,676228.0,676223.0,676171.0,676123.0,676119.0,676478.0,676479.0,676530.0,676536.0,676634.0,0.12737893,1.6448658,0.0100329,0.98,0.0100329,6.48e-05,0.393087,0.0100324,0.004,0.0100324,"20180628 09:21:43.036234","20180628 09:17:58.710000",1
45,676477.0,0.01,676225.0,676223.0,676171.0,676123.0,676119.0,676477.0,676478.0,676479.0,676530.0,676536.0,0.12737893,1.6448658,0.0100329,0.98,0.0100329,0.439,6.48e-05,0.393087,0.0100324,0.004,"20180628 09:21:43.424150","20180628 09:21:37.087000",1
38,676477.0,0.01,676225.0,676223.0,676171.0,676123.0,676119.0,676476.0,676478.0,676479.0,676530.0,676536.0,0.12737893,1.6448658,0.0100329,0.98,0.0100329,0.439,6.48e-05,0.393087,0.0100324,0.004,"20180628 09:21:44.140180","20180628 09:21:37.087000",1
71,676477.0,0.01,676225.0,676223.0,676171.0,676123.0,676119.0,676478.0,676479.0,676530.0,676536.0,676565.0,0.12737893,1.6448658,0.0100329,0.98,0.0100329,6.48e-05,0.393087,0.0100324,0.004,0.3,"20180628 09:21:44.831195","20180628 09:21:37.087000",1
288,676733.0,0.01,676226.0,676223.0,676171.0,676124.0,676123.0,676478.0,676479.0,676530.0,676536.0,676565.0,0.50000013,1.6448658,0.0100329,0.60000013,0.98,6.48e-05,0.393087,0.0100324,0.004,0.3,"20180628 09:21:45.610991","20180628 09:17:58.710000",1
296,676733.0,0.01,676226.0,676223.0,676171.0,676124.0,676123.0,676478.0,676479.0,676530.0,676536.0,676565.0,0.50000013,1.6448658,0.0100329,0.60000013,0.98,6.48e-05,0.393087,0.0100324,0.004,0.3,"20180628 09:21:46.131332","20180628 09:17:58.710000",1
39,676477.0,0.01,676226.0,676223.0,676171.0,676124.0,676123.0,676478.0,676479.0,676530.0,676536.0,676565.0,0.50000013,1.6448658,0.0100329,0.60000013,0.98,6.48e-05,0.393087,0.0100324,0.004,0.3,"20180628 09:21:46.723166","20180628 09:21:37.087000",1
46,676477.0,0.01,676226.0,676223.0,676171.0,676124.0,676123.0,676474.0,676478.0,676479.0,676530.0,676536.0,0.50000013,1.6448658,0.0100329,0.60000013,0.98,0.439,6.48e-05,0.393087,0.0100324,0.004,"20180628 09:21:47.244137","20180628 09:21:37.087000",1
72,676477.0,0.01,676226.0,676223.0,676171.0,676124.0,676123.0,676472.0,676478.0,676479.0,676530.0,676536.0,0.50000013,1.6448658,0.0100329,0.60000013,0.98,0.439,6.48e-05,0.393087,0.0100324,0.004,"20180628 09:21:47.437404","20180628 09:21:37.087000",1
289,676733.0,0.01,676226.0,676223.0,676171.0,676124.0,676123.0,676471.0,676478.0,676479.0,676530.0,676536.0,0.50000013,1.6448658,0.0100329,0.60000013,0.98,0.439,6.48e-05,0.393087,0.0100324,0.004,"20180628 09:21:48.148101","20180628 09:17:58.710000",1
40,676477.0,0.01,676223.0,676171.0,676123.0,676119.0,676097.0,676478.0,676479.0,676530.0,676536.0,676634.0,1.6448658,0.0100329,0.98,0.0100329,0.3,0.4390648,0.393087,0.0100324,0.004,0.0100324,"20180628 09:21:48.742878","20180628 09:21:37.087000",1
47,676477.0,0.01,676224.0,676223.0,676171.0,676124.0,676123.0,676478.0,676479.0,676530.0,676536.0,676634.0,0.50000013,1.6448658,0.0100329,0.60000013,0.98,6.48e-05,0.393087,0.0100324,0.004,0.0100324,"20180628 09:21:49.954638","20180628 09:21:37.087000",1
73,676477.0,0.01,676224.0,676223.0,676171.0,676124.0,676123.0,676478.0,676479.0,676530.0,676536.0,676634.0,0.50000013,1.6448658,0.0100329,0.60000013,0.98,6.48e-05,0.393087,0.0100324,0.004,0.0100324,"20180628 09:21:50.127169","20180628 09:21:37.087000",1
297,676733.0,0.01,676223.0,676171.0,676123.0,676119.0,676097.0,676478.0,676479.0,676530.0,676536.0,676634.0,1.6448658,0.0100329,0.98,0.0100329,0.3,0.4390648,0.393087,0.0100324,0.004,0.0100324,"20180628 09:21:50.303225","20180628 09:17:58.710000",1
290,676733.0,0.01,676224.0,676223.0,676171.0,676124.0,676123.0,676477.0,676478.0,676479.0,676530.0,676536.0,0.50000013,1.6448658,0.0100329,0.60000013,0.98,0.439,6.48e-05,0.393087,0.0100324,0.004,"20180628 09:21:50.671231","20180628 09:17:58.710000",1
41,676477.0,0.01,676224.0,676223.0,676171.0,676124.0,676123.0,676478.0,676479.0,676530.0,676536.0,676634.0,0.50000013,1.6448658,0.0100329,0.60000013,0.98,6.48e-05,0.393087,0.0100324,0.004,0.0100324,"20180628 09:21:51.365127","20180628 09:21:37.087000",1
48,676477.0,0.01,676224.0,676223.0,676171.0,676124.0,676123.0,676478.0,676479.0,676530.0,676536.0,676634.0,0.50000013,1.6448658,0.0100329,0.60000013,0.98,0.4390648,0.393087,0.0100324,0.004,0.0100324,"20180628 09:21:52.457562","20180628 09:21:37.087000",1
74,676477.0,0.01,676224.0,676223.0,676171.0,676124.0,676123.0,676478.0,676479.0,676530.0,676536.0,676634.0,0.50000013,1.6448658,0.0100329,0.60000013,0.98,0.4390648,0.393087,0.0100324,0.004,0.0100324,"20180628 09:21:52.647623","20180628 09:21:37.087000",1
291,676733.0,0.01,676224.0,676223.0,676182.0,676171.0,676123.0,676478.0,676479.0,676530.0,676536.0,676634.0,0.50000013,1.6448658,0.3,0.0100329,0.98,6.48e-05,0.393087,0.0100324,0.004,0.0100324,"20180628 09:21:53.442024","20180628 09:17:58.710000",1
298,676733.0,0.01,676223.0,676182.0,676171.0,676123.0,676119.0,676478.0,676479.0,676530.0,676536.0,676634.0,1.6448658,0.3,0.0100329,0.98,0.0100329,0.4390648,0.393087,0.0100324,0.004,0.0100324,"20180628 09:21:53.945893","20180628 09:17:58.710000",1
42,676477.0,0.01,676224.0,676223.0,676182.0,676172.0,676171.0,676478.0,676479.0,676530.0,676536.0,676634.0,0.50000013,1.6448658,0.3,0.3,0.0100329,6.48e-05,0.393087,0.0100324,0.004,0.0100324,"20180628 09:21:53.983155","20180628 09:21:37.087000",1
49,676477.0,0.01,676224.0,676223.0,676182.0,676172.0,676171.0,676478.0,676479.0,676530.0,676536.0,676634.0,0.50000013,1.6448658,0.3,0.3,0.0100329,6.48e-05,0.393087,0.0100324,0.004,0.0100324,"20180628 09:21:55.054700","20180628 09:21:37.087000",1
75,676477.0,0.01,676226.0,676224.0,676223.0,676182.0,676172.0,676478.0,676479.0,676530.0,676536.0,676634.0,0.12737893,0.50000013,1.6448658,0.3,0.3,6.48e-05,0.393087,0.0100324,0.004,0.0100324,"20180628 09:21:55.256344","20180628 09:21:37.087000",1
292,676733.0,0.01,676226.0,676224.0,676223.0,676182.0,676172.0,676478.0,676479.0,676530.0,676536.0,676634.0,0.12737893,0.50000013,1.6448658,0.3,0.3,6.48e-05,0.393087,0.0100324,0.004,0.0100324,"20180628 09:21:56.045435","20180628 09:17:58.710000",1
43,676477.0,0.01,676226.0,676224.0,676223.0,676182.0,676172.0,676478.0,676479.0,676530.0,676536.0,676634.0,0.12737893,0.50000013,1.6448658,0.3,0.3,6.48e-05,0.393087,0.0100324,0.004,0.0100324,"20180628 09:21:56.578253","20180628 09:21:37.087000",1
299,676733.0,0.01,676226.0,676224.0,676223.0,676182.0,676172.0,676478.0,676479.0,676530.0,676536.0,676634.0,0.12737893,0.50000013,1.6448658,0.3,0.3,6.48e-05,0.393087,0.0100324,0.004,0.0100324,"20180628 09:21:56.587406","20180628 09:17:58.710000",1
50,676477.0,0.01,676223.0,676182.0,676173.0,676172.0,676171.0,676478.0,676479.0,676530.0,676536.0,676634.0,1.6448658,0.3,0.60000013,0.3,0.0100329,6.48e-05,0.393087,0.0100324,0.004,0.0100324,"20180628 09:21:57.633694","20180628 09:21:37.087000",1
76,676479.0,0.0099352,676226.0,676224.0,676223.0,676182.0,676172.0,676478.0,676479.0,676530.0,676536.0,676634.0,0.12737893,0.50000013,1.6448658,0.3,0.3,6.48e-05,0.393087,0.0100324,0.004,0.0100324,"20180628 09:21:55.256344","20180628 09:21:57.337000",2
77,676479.0,0.0099352,676223.0,676182.0,676173.0,676172.0,676171.0,676478.0,676479.0,676530.0,676536.0,676634.0,1.6448658,0.3,0.60000013,0.3,0.0100329,6.48e-05,0.393087,0.0100324,0.004,0.0100324,"20180628 09:21:58.181058","20180628 09:21:57.337000",1
51,676479.0,0.0099352,676223.0,676182.0,676173.0,676172.0,676171.0,676478.0,676479.0,676530.0,676536.0,676634.0,1.6448658,0.3,0.60000013,0.3,0.0100329,6.48e-05,0.393087,0.0100324,0.004,0.0100324,"20180628 09:21:57.633694","20180628 09:21:57.337000",2
293,676733.0,0.01,676227.0,676223.0,676182.0,676173.0,676172.0,676478.0,676479.0,676530.0,676536.0,676634.0,0.50000013,1.6448658,0.3,0.60000013,0.3,6.48e-05,0.393087,0.0100324,0.004,0.0100324,"20180628 09:21:58.671303","20180628 09:17:58.710000",1
44,676479.0,0.0099352,676226.0,676224.0,676223.0,676182.0,676172.0,676478.0,676479.0,676530.0,676536.0,676634.0,0.12737893,0.50000013,1.6448658,0.3,0.3,6.48e-05,0.393087,0.0100324,0.004,0.0100324,"20180628 09:21:56.578253","20180628 09:21:57.337000",2
300,676733.0,0.01,676229.0,676227.0,676223.0,676182.0,676173.0,676479.0,676530.0,676536.0,676634.0,676651.0,0.12737893,0.50000013,1.6448658,0.3,0.60000013,0.3831518,0.0100324,0.004,0.0100324,0.35262107,"20180628 09:21:59.016071","20180628 09:17:58.710000",1
45,676479.0,0.0099352,676229.0,676227.0,676223.0,676182.0,676173.0,676479.0,676530.0,676536.0,676634.0,676651.0,0.12737893,0.50000013,1.6448658,0.3,0.60000013,0.3831518,0.0100324,0.004,0.0100324,0.35262107,"20180628 09:21:59.173703","20180628 09:21:57.337000",1
52,676479.0,0.0099352,676229.0,676227.0,676223.0,676182.0,676173.0,676479.0,676530.0,676536.0,676634.0,676648.0,0.12737893,0.50000013,1.6448658,0.3,0.60000013,0.3831518,0.0100324,0.004,0.0100324,0.35262107,"20180628 09:22:00.230686","20180628 09:21:57.337000",1
78,676479.0,0.0099352,676229.0,676227.0,676223.0,676182.0,676173.0,676479.0,676530.0,676536.0,676634.0,676647.0,0.12737893,0.50000013,1.6448658,0.3,0.60000013,0.3831518,0.0100324,0.004,0.0100324,0.439,"20180628 09:22:01.192964","20180628 09:21:57.337000",1
46,676479.0,0.0099352,676275.0,676229.0,676224.0,676223.0,676183.0,676479.0,676530.0,676536.0,676620.0,676629.0,0.0100329,0.12737893,0.1609,1.6448658,0.50000013,0.3831518,0.0100324,0.004,0.3,0.3,"20180628 09:22:01.664839","20180628 09:21:57.337000",1
79,676223.0,0.1232671,676229.0,676227.0,676223.0,676182.0,676173.0,676479.0,676530.0,676536.0,676634.0,676647.0,0.12737893,0.50000013,1.6448658,0.3,0.60000013,0.3831518,0.0100324,0.004,0.0100324,0.439,"20180628 09:22:01.192964","20180628 09:22:00.790000",2
301,676733.0,0.01,676275.0,676229.0,676224.0,676223.0,676183.0,676479.0,676530.0,676536.0,676620.0,676634.0,0.0100329,0.12737893,0.1609,1.6448658,0.50000013,0.3831518,0.0100324,0.004,0.3,0.0100324,"20180628 09:22:02.157332","20180628 09:17:58.710000",1
53,676223.0,0.1232671,676229.0,676227.0,676223.0,676182.0,676173.0,676479.0,676530.0,676536.0,676634.0,676648.0,0.12737893,0.50000013,1.6448658,0.3,0.60000013,0.3831518,0.0100324,0.004,0.0100324,0.35262107,"20180628 09:22:00.230686","20180628 09:22:00.790000",2
54,676223.0,0.1232671,676223.0,676183.0,676171.0,676123.0,676119.0,676478.0,676479.0,676530.0,676536.0,676620.0,1.5215987,0.50000013,0.0100329,0.98,0.0100329,0.439,0.3831518,0.0100324,0.004,0.3,"20180628 09:22:02.841064","20180628 09:22:00.790000",1
294,676733.0,0.01,676275.0,676223.0,676183.0,676171.0,676123.0,676478.0,676479.0,676530.0,676536.0,676620.0,0.0100329,1.6448658,0.50000013,0.0100329,0.98,0.439,0.3831518,0.0100324,0.004,0.3,"20180628 09:22:02.875310","20180628 09:17:58.710000",1
47,676223.0,0.1232671,676275.0,676229.0,676224.0,676223.0,676183.0,676479.0,676530.0,676536.0,676620.0,676629.0,0.0100329,0.12737893,0.1609,1.6448658,0.50000013,0.3831518,0.0100324,0.004,0.3,0.3,"20180628 09:22:01.664839","20180628 09:22:00.790000",2
80,676223.0,0.1232671,676223.0,676183.0,676171.0,676123.0,676119.0,676477.0,676479.0,676530.0,676536.0,676620.0,1.5215987,0.50000013,0.0100329,0.98,0.0100329,0.444,0.3831518,0.0100324,0.004,0.3,"20180628 09:22:04.038449","20180628 09:22:00.790000",1
48,676223.0,0.1232671,676223.0,676183.0,676171.0,676123.0,676119.0,676479.0,676524.0,676530.0,676536.0,676620.0,1.5215987,0.50000013,0.0100329,0.98,0.0100329,0.3831518,0.3,0.0100324,0.004,0.3,"20180628 09:22:04.571115","20180628 09:22:00.790000",1
302,676733.0,0.01,676223.0,676171.0,676123.0,676119.0,676067.0,676479.0,676524.0,676530.0,676536.0,676538.0,1.5215987,0.0100329,0.98,0.0100329,0.0100329,0.3831518,0.3,0.0100324,0.004,0.3,"20180628 09:22:04.717315","20180628 09:17:58.710000",1
55,676223.0,0.1232671,676224.0,676223.0,676171.0,676123.0,676119.0,676475.0,676479.0,676524.0,676530.0,676536.0,0.50000013,1.5215987,0.0100329,0.98,0.0100329,0.439,0.3831518,0.3,0.0100324,0.004,"20180628 09:22:05.405842","20180628 09:22:00.790000",1
295,676733.0,0.01,676224.0,676223.0,676171.0,676123.0,676119.0,676475.0,676479.0,676524.0,676530.0,676536.0,0.50000013,1.5215987,0.0100329,0.98,0.0100329,0.439,0.3831518,0.3,0.0100324,0.004,"20180628 09:22:06.345413","20180628 09:17:58.710000",1
81,676223.0,0.1232671,676224.0,676223.0,676171.0,676123.0,676119.0,676478.0,676479.0,676524.0,676530.0,676536.0,0.50000013,1.5215987,0.0100329,0.98,0.0100329,0.439,0.3831518,0.3,0.0100324,0.004,"20180628 09:22:06.589719","20180628 09:22:00.790000",1
49,676223.0,0.1232671,676224.0,676223.0,676171.0,676123.0,676119.0,676478.0,676479.0,676524.0,676530.0,676536.0,0.50000013,1.5215987,0.0100329,0.98,0.0100329,0.439,0.3831518,0.3,0.0100324,0.004,"20180628 09:22:07.160374","20180628 09:22:00.790000",1
303,676733.0,0.01,676224.0,676223.0,676171.0,676123.0,676119.0,676478.0,676479.0,676524.0,676530.0,676536.0,0.50000013,1.5215987,0.0100329,0.98,0.0100329,0.439,0.3831518,0.3,0.0100324,0.004,"20180628 09:22:07.266164","20180628 09:17:58.710000",1
56,676223.0,0.1232671,676224.0,676223.0,676171.0,676123.0,676119.0,676477.0,676479.0,676524.0,676530.0,676536.0,0.50000013,1.5215987,0.0100329,0.98,0.0100329,0.439,0.3831518,0.3,0.0100324,0.004,"20180628 09:22:08.110838","20180628 09:22:00.790000",1
296,676733.0,0.01,676223.0,676171.0,676123.0,676119.0,676067.0,676479.0,676524.0,676530.0,676536.0,676538.0,1.5215987,0.0100329,0.98,0.0100329,0.0100329,0.3831518,0.3,0.0100324,0.004,0.3,"20180628 09:22:08.908926","20180628 09:17:58.710000",1
82,676223.0,0.1232671,676223.0,676171.0,676123.0,676119.0,676067.0,676478.0,676479.0,676524.0,676530.0,676536.0,1.5215987,0.0100329,0.98,0.0100329,0.0100329,0.439,0.3831518,0.3,0.0100324,0.004,"20180628 09:22:09.233738","20180628 09:22:00.790000",1
304,676733.0,0.01,676224.0,676223.0,676171.0,676124.0,676123.0,676478.0,676479.0,676524.0,676530.0,676536.0,0.50000013,1.6215987,0.0100329,0.60000013,0.98,0.439,0.3831518,0.3,0.0100324,0.004,"20180628 09:22:10.138640","20180628 09:17:58.710000",1
50,676223.0,0.1232671,676224.0,676223.0,676171.0,676124.0,676123.0,676478.0,676479.0,676524.0,676530.0,676536.0,0.50000013,1.5215987,0.0100329,0.60000013,0.98,0.439,0.3831518,0.3,0.0100324,0.004,"20180628 09:22:10.343474","20180628 09:22:00.790000",1
57,676223.0,0.1232671,676224.0,676223.0,676171.0,676124.0,676123.0,676477.0,676479.0,676524.0,676530.0,676536.0,0.50000013,1.6215987,0.0100329,0.60000013,0.98,0.439,0.3831518,0.3,0.0100324,0.004,"20180628 09:22:10.686740","20180628 09:22:00.790000",1
297,676733.0,0.01,676224.0,676223.0,676171.0,676124.0,676123.0,676478.0,676479.0,676530.0,676536.0,676538.0,0.50000013,1.6215987,0.0100329,0.60000013,0.98,0.439,0.3831518,0.0100324,0.004,0.3,"20180628 09:22:11.632282","20180628 09:17:58.710000",1
83,676223.0,0.1232671,676224.0,676223.0,676171.0,676124.0,676123.0,676478.0,676479.0,676530.0,676536.0,676620.0,0.50000013,1.6215987,0.0100329,0.60000013,0.98,0.439,0.3831518,0.0100324,0.004,0.3,"20180628 09:22:11.854046","20180628 09:22:00.790000",1
305,676733.0,0.01,676224.0,676223.0,676171.0,676124.0,676123.0,676479.0,676530.0,676536.0,676537.0,676620.0,0.50000013,1.6215987,0.0100329,0.60000013,0.98,0.3831518,0.0100324,0.004,0.439,0.3,"20180628 09:22:12.842664","20180628 09:17:58.710000",1
51,676223.0,0.1232671,676223.0,676171.0,676123.0,676119.0,676069.0,676479.0,676530.0,676536.0,676537.0,676620.0,1.6215987,0.0100329,0.98,0.0100329,0.6,0.3831518,0.0100324,0.004,0.439,0.3,"20180628 09:22:12.901957","20180628 09:22:00.790000",1
58,676223.0,0.1232671,676224.0,676223.0,676171.0,676124.0,676123.0,676479.0,676530.0,676536.0,676537.0,676620.0,0.50000013,1.6215987,0.0100329,0.60000013,0.98,0.3831518,0.0100324,0.004,0.439,0.3,"20180628 09:22:13.282035","20180628 09:22:00.790000",1
306,676733.0,0.01,676224.0,676223.0,676171.0,676124.0,676123.0,676479.0,676530.0,676536.0,676620.0,676629.0,0.50000013,1.6215987,0.0100329,0.60000013,0.98,0.3831518,0.0100324,0.004,0.3,0.3,"20180628 09:22:15.392211","20180628 09:17:58.710000",1
52,676223.0,0.1232671,676224.0,676223.0,676171.0,676124.0,676123.0,676479.0,676530.0,676536.0,676620.0,676629.0,0.50000013,1.6215987,0.0100329,0.60000013,0.98,0.3831518,0.0100324,0.004,0.3,0.3,"20180628 09:22:15.486820","20180628 09:22:00.790000",1
298,676733.0,0.01,676224.0,676223.0,676171.0,676124.0,676123.0,676478.0,676479.0,676530.0,676536.0,676620.0,0.50000013,1.6215987,0.0100329,0.60000013,0.98,0.439,0.3831518,0.0100324,0.004,0.3,"20180628 09:22:15.530808","20180628 09:17:58.710000",1
59,676223.0,0.1232671,676224.0,676223.0,676171.0,676124.0,676123.0,676479.0,676530.0,676536.0,676620.0,676629.0,0.50000013,1.6215987,0.0100329,0.60000013,0.98,0.3831518,0.0100324,0.004,0.3,0.3,"20180628 09:22:16.917633","20180628 09:22:00.790000",1
84,676223.0,0.1232671,676224.0,676223.0,676171.0,676124.0,676123.0,676530.0,676536.0,676619.0,676620.0,676629.0,0.50000013,1.6215987,0.0100329,0.60000013,0.98,0.0100324,0.004,0.439,0.3,0.3,"20180628 09:22:17.142294","20180628 09:22:00.790000",1
307,676733.0,0.01,676223.0,676171.0,676124.0,676123.0,676119.0,676529.0,676530.0,676536.0,676619.0,676620.0,1.6215987,0.0100329,1.10000026,0.98,0.0100329,0.267378,0.0100324,0.004,0.439,0.3,"20180628 09:22:18.416770","20180628 09:17:58.710000",1
299,676733.0,0.01,676223.0,676171.0,676124.0,676123.0,676119.0,676529.0,676530.0,676536.0,676618.0,676619.0,1.6215987,0.0100329,1.10000026,0.98,0.0100329,0.267378,0.0100324,0.004,0.133689,0.439,"20180628 09:22:18.442353","20180628 09:17:58.710000",1
53,676223.0,0.1232671,676223.0,676171.0,676124.0,676123.0,676119.0,676529.0,676530.0,676536.0,676618.0,676619.0,1.6215987,0.0100329,1.10000026,0.98,0.0100329,0.267378,0.0100324,0.004,0.133689,0.439,"20180628 09:22:18.545636","20180628 09:22:00.790000",1
60,676223.0,0.1232671,676223.0,676171.0,676124.0,676123.0,676119.0,676527.0,676529.0,676530.0,676536.0,676618.0,1.6215987,0.0100329,1.10000026,0.98,0.0100329,0.444,0.267378,0.0100324,0.004,0.133689,"20180628 09:22:20.305044","20180628 09:22:00.790000",1
85,676223.0,0.1232671,676223.0,676171.0,676124.0,676123.0,676119.0,676527.0,676529.0,676530.0,676536.0,676618.0,1.6215987,0.0100329,1.10000026,0.98,0.0100329,0.444,0.267378,0.0100324,0.004,0.133689,"20180628 09:22:20.797069","20180628 09:22:00.790000",1
300,676733.0,0.01,676223.0,676171.0,676124.0,676123.0,676119.0,676526.0,676529.0,676530.0,676536.0,676618.0,1.6215987,0.0100329,1.10000026,0.98,0.0100329,0.444,0.267378,0.0100324,0.004,0.133689,"20180628 09:22:20.994494","20180628 09:17:58.710000",1
54,676223.0,0.1232671,676223.0,676171.0,676124.0,676123.0,676119.0,676526.0,676529.0,676530.0,676536.0,676618.0,1.6215987,0.0100329,1.10000026,0.98,0.0100329,0.444,0.267378,0.0100324,0.004,0.133689,"20180628 09:22:21.413769","20180628 09:22:00.790000",1
308,676733.0,0.01,676223.0,676171.0,676124.0,676123.0,676119.0,676526.0,676529.0,676530.0,676536.0,676618.0,1.6215987,0.0100329,1.10000026,0.98,0.0100329,0.444,0.267378,0.0100324,0.004,0.133689,"20180628 09:22:21.586723","20180628 09:17:58.710000",1
55,676525.0,0.01,676223.0,676171.0,676124.0,676123.0,676119.0,676526.0,676529.0,676530.0,676536.0,676618.0,1.6215987,0.0100329,1.10000026,0.98,0.0100329,0.444,0.267378,0.0100324,0.004,0.133689,"20180628 09:22:21.413769","20180628 09:22:20.743000",2
86,676525.0,0.01,676223.0,676171.0,676124.0,676123.0,676119.0,676527.0,676529.0,676530.0,676536.0,676618.0,1.6215987,0.0100329,1.10000026,0.98,0.0100329,0.444,0.267378,0.0100324,0.004,0.133689,"20180628 09:22:20.797069","20180628 09:22:20.743000",2
61,676223.0,0.1232671,676224.0,676223.0,676171.0,676124.0,676123.0,676529.0,676530.0,676536.0,676618.0,676620.0,0.50000013,1.6215987,0.0100329,0.60000013,0.98,0.267378,0.0100324,0.004,0.133689,0.3,"20180628 09:22:24.176883","20180628 09:22:00.790000",1
309,676733.0,0.01,676224.0,676223.0,676171.0,676124.0,676123.0,676529.0,676530.0,676536.0,676618.0,676620.0,0.50000013,1.6215987,0.0100329,0.60000013,0.98,0.267378,0.0100324,0.004,0.133689,0.3,"20180628 09:22:24.216215","20180628 09:17:58.710000",1
87,676525.0,0.01,676224.0,676223.0,676171.0,676124.0,676123.0,676529.0,676530.0,676536.0,676618.0,676620.0,0.50000013,1.6215987,0.0100329,0.60000013,0.98,0.267378,0.0100324,0.004,0.133689,0.3,"20180628 09:22:24.217865","20180628 09:22:20.743000",1
56,676525.0,0.01,676224.0,676223.0,676171.0,676124.0,676123.0,676529.0,676530.0,676536.0,676618.0,676620.0,0.50000013,1.6215987,0.0100329,0.60000013,0.98,0.267378,0.0100324,0.004,0.133689,0.3,"20180628 09:22:24.436036","20180628 09:22:20.743000",1
62,676224.0,0.11556498,676224.0,676223.0,676171.0,676124.0,676123.0,676529.0,676530.0,676536.0,676618.0,676620.0,0.50000013,1.6215987,0.0100329,0.60000013,0.98,0.267378,0.0100324,0.004,0.133689,0.3,"20180628 09:22:24.176883","20180628 09:22:23.070000",2
301,676733.0,0.01,676224.0,676223.0,676171.0,676124.0,676123.0,676529.0,676530.0,676536.0,676618.0,676620.0,0.50000013,1.6215987,0.0100329,0.60000013,0.98,0.267378,0.0100324,0.004,0.133689,0.3,"20180628 09:22:24.614797","20180628 09:17:58.710000",1
88,676224.0,0.11556498,676224.0,676223.0,676171.0,676124.0,676123.0,676529.0,676530.0,676536.0,676618.0,676620.0,0.50000013,1.6215987,0.0100329,0.60000013,0.98,0.267378,0.0100324,0.004,0.133689,0.3,"20180628 09:22:24.217865","20180628 09:22:23.070000",2
57,676224.0,0.11556498,676224.0,676223.0,676171.0,676124.0,676123.0,676529.0,676530.0,676536.0,676618.0,676620.0,0.50000013,1.6215987,0.0100329,0.60000013,0.98,0.267378,0.0100324,0.004,0.133689,0.3,"20180628 09:22:24.436036","20180628 09:22:23.070000",2
58,676224.0,0.11556498,676223.0,676171.0,676123.0,676119.0,676067.0,676478.0,676529.0,676530.0,676536.0,676618.0,1.6215987,0.0100329,0.98,0.0100329,0.0100329,0.0100324,0.267378,0.3100324,0.004,0.133689,"20180628 09:22:27.085218","20180628 09:22:23.070000",1
89,676224.0,0.11556498,676223.0,676171.0,676123.0,676119.0,676067.0,676478.0,676526.0,676529.0,676530.0,676536.0,1.6215987,0.0100329,0.98,0.0100329,0.0100329,0.0100324,0.439,0.267378,0.3100324,0.004,"20180628 09:22:27.086119","20180628 09:22:23.070000",1
302,676733.0,0.01,676223.0,676171.0,676123.0,676119.0,676067.0,676478.0,676511.0,676525.0,676529.0,676530.0,1.6215987,0.0100329,0.98,0.0100329,0.0100329,0.0100324,0.3,0.434,0.267378,0.3100324,"20180628 09:22:27.267693","20180628 09:17:58.710000",1
310,676733.0,0.01,676223.0,676171.0,676123.0,676119.0,676067.0,676478.0,676511.0,676525.0,676529.0,676530.0,1.6215987,0.0100329,0.98,0.0100329,0.0100329,0.0100324,0.3,0.434,0.267378,0.3100324,"20180628 09:22:27.896488","20180628 09:17:58.710000",1
63,676224.0,0.11556498,676223.0,676171.0,676123.0,676119.0,676067.0,676478.0,676511.0,676529.0,676530.0,676536.0,1.6215987,0.0100329,0.98,0.0100329,0.0100329,0.0100324,0.3,0.267378,0.3100324,0.004,"20180628 09:22:29.323904","20180628 09:22:23.070000",1
59,676223.0,0.11557483,676223.0,676171.0,676123.0,676119.0,676067.0,676478.0,676529.0,676530.0,676536.0,676618.0,1.6215987,0.0100329,0.98,0.0100329,0.0100329,0.0100324,0.267378,0.3100324,0.004,0.133689,"20180628 09:22:27.085218","20180628 09:22:28.213000",2
60,676223.0,0.11557483,676223.0,676171.0,676124.0,676123.0,676119.0,676478.0,676511.0,676529.0,676530.0,676536.0,1.6215987,0.0100329,0.50000013,0.98,0.0100329,0.0100324,0.3,0.267378,0.3100324,0.004,"20180628 09:22:29.672776","20180628 09:22:28.213000",1
303,676733.0,0.01,676223.0,676171.0,676124.0,676123.0,676119.0,676478.0,676510.0,676511.0,676529.0,676530.0,1.50602387,0.0100329,0.50000013,0.98,0.0100329,0.0100324,0.434,0.3,0.267378,0.3100324,"20180628 09:22:29.927002","20180628 09:17:58.710000",1
90,676224.0,0.11556498,676223.0,676171.0,676124.0,676123.0,676119.0,676478.0,676510.0,676511.0,676529.0,676530.0,1.50602387,0.0100329,0.50000013,0.98,0.0100329,0.0100324,0.434,0.3,0.267378,0.3100324,"20180628 09:22:29.992207","20180628 09:22:23.070000",1
64,676223.0,0.1,676223.0,676171.0,676123.0,676119.0,676067.0,676478.0,676511.0,676529.0,676530.0,676536.0,1.6215987,0.0100329,0.98,0.0100329,0.0100329,0.0100324,0.3,0.267378,0.3100324,0.004,"20180628 09:22:29.323904","20180628 09:22:29.463000",2
311,676733.0,0.01,676223.0,676171.0,676124.0,676123.0,676119.0,676478.0,676510.0,676529.0,676530.0,676536.0,1.50602387,0.0100329,0.50000013,0.98,0.0100329,0.0100324,0.434,0.267378,0.3100324,0.004,"20180628 09:22:30.910348","20180628 09:17:58.710000",1
91,676223.0,0.1,676223.0,676171.0,676124.0,676123.0,676119.0,676478.0,676510.0,676511.0,676529.0,676530.0,1.50602387,0.0100329,0.50000013,0.98,0.0100329,0.0100324,0.434,0.3,0.267378,0.3100324,"20180628 09:22:29.992207","20180628 09:22:29.463000",2
61,676223.0,0.1,676223.0,676171.0,676124.0,676123.0,676119.0,676478.0,676511.0,676529.0,676530.0,676536.0,1.6215987,0.0100329,0.50000013,0.98,0.0100329,0.0100324,0.3,0.267378,0.3100324,0.004,"20180628 09:22:29.672776","20180628 09:22:29.463000",2
65,676223.0,0.1,676223.0,676171.0,676124.0,676123.0,676119.0,676478.0,676509.0,676529.0,676530.0,676536.0,1.40402387,0.0100329,0.50000013,0.98,0.0100329,0.0100324,0.434,0.267378,0.0100324,0.004,"20180628 09:22:31.974792","20180628 09:22:29.463000",1
304,676733.0,0.01,676223.0,676171.0,676124.0,676123.0,676119.0,676478.0,676528.0,676529.0,676530.0,676536.0,1.40402387,0.0100329,0.50000013,0.98,0.0100329,0.0100324,0.434,0.267378,0.0100324,0.004,"20180628 09:22:32.572394","20180628 09:17:58.710000",1
62,676223.0,0.1,676223.0,676171.0,676124.0,676123.0,676119.0,676478.0,676528.0,676529.0,676530.0,676536.0,1.40402387,0.0100329,0.50000013,0.98,0.0100329,0.0100324,0.434,0.267378,0.0100324,0.004,"20180628 09:22:32.973988","20180628 09:22:29.463000",1
312,676733.0,0.01,676223.0,676171.0,676124.0,676123.0,676119.0,676478.0,676527.0,676529.0,676530.0,676536.0,1.40402387,0.0100329,0.50000013,0.98,0.0100329,0.0100324,0.434,0.267378,0.0100324,0.004,"20180628 09:22:33.551803","20180628 09:17:58.710000",1
92,676223.0,0.1,676223.0,676171.0,676124.0,676123.0,676119.0,676478.0,676529.0,676530.0,676536.0,676618.0,1.40402387,0.0100329,0.50000013,0.98,0.0100329,0.0100324,0.267378,0.0100324,0.004,0.133689,"20180628 09:22:33.934536","20180628 09:22:29.463000",1
66,676223.0,0.1,676223.0,676171.0,676124.0,676123.0,676119.0,676478.0,676529.0,676530.0,676536.0,676618.0,1.40402387,0.0100329,0.50000013,0.98,0.0100329,0.0100324,0.267378,0.0100324,0.004,0.133689,"20180628 09:22:34.818315","20180628 09:22:29.463000",1
305,676733.0,0.01,676223.0,676171.0,676124.0,676123.0,676119.0,676478.0,676529.0,676530.0,676536.0,676618.0,1.40402387,0.0100329,0.50000013,0.98,0.0100329,0.0100324,0.267378,0.0100324,0.004,0.133689,"20180628 09:22:35.218738","20180628 09:17:58.710000",1
63,676223.0,0.1,676223.0,676171.0,676124.0,676123.0,676119.0,676478.0,676527.0,676529.0,676530.0,676536.0,1.40402387,0.0100329,0.50000013,0.98,0.0100329,0.0100324,0.434,0.267378,0.0100324,0.004,"20180628 09:22:35.872450","20180628 09:22:29.463000",1
313,676733.0,0.01,676223.0,676171.0,676124.0,676123.0,676119.0,676478.0,676529.0,676530.0,676536.0,676618.0,1.40402387,0.0100329,0.50000013,0.98,0.0100329,0.0100324,0.267378,0.0100324,0.004,0.133689,"20180628 09:22:36.418111","20180628 09:17:58.710000",1
67,676223.0,0.1,676223.0,676171.0,676124.0,676123.0,676119.0,676478.0,676528.0,676529.0,676530.0,676536.0,1.40402387,0.0100329,0.50000013,0.98,0.0100329,0.0100324,0.434,0.267378,0.0100324,0.004,"20180628 09:22:37.454807","20180628 09:22:29.463000",1
306,676733.0,0.01,676223.0,676171.0,676123.0,676119.0,676098.0,676478.0,676527.0,676529.0,676530.0,676536.0,1.40402387,0.0100329,0.98,0.0100329,0.3,0.0100324,0.434,0.267378,0.0100324,0.004,"20180628 09:22:38.648682","20180628 09:17:58.710000",1
64,676223.0,0.1,676223.0,676171.0,676123.0,676119.0,676098.0,676478.0,676527.0,676529.0,676530.0,676536.0,1.40402387,0.0100329,0.98,0.0100329,0.3,0.0100324,0.434,0.267378,0.0100324,0.004,"20180628 09:22:39.004283","20180628 09:22:29.463000",1
93,676223.0,0.1,676223.0,676171.0,676123.0,676119.0,676098.0,676478.0,676528.0,676529.0,676530.0,676536.0,1.40402387,0.0100329,0.98,0.0100329,0.3,0.0100324,0.434,0.267378,0.0100324,0.004,"20180628 09:22:39.184211","20180628 09:22:29.463000",1
314,676733.0,0.01,676223.0,676171.0,676123.0,676119.0,676098.0,676478.0,676528.0,676529.0,676530.0,676536.0,1.40402387,0.0100329,0.98,0.0100329,0.3,0.0100324,0.434,0.267378,0.0100324,0.004,"20180628 09:22:40.069191","20180628 09:17:58.710000",1
307,676733.0,0.01,676223.0,676171.0,676123.0,676119.0,676105.0,676478.0,676526.0,676529.0,676530.0,676536.0,1.40402387,0.0100329,0.98,0.0100329,1.0,0.0100324,0.434,0.267378,0.0100324,0.004,"20180628 09:22:41.448397","20180628 09:17:58.710000",1
65,676223.0,0.1,676223.0,676171.0,676123.0,676119.0,676105.0,676478.0,676526.0,676529.0,676530.0,676536.0,1.40402387,0.0100329,0.98,0.0100329,1.0,0.0100324,0.434,0.267378,0.0100324,0.004,"20180628 09:22:41.965751","20180628 09:22:29.463000",1
68,676223.0,0.1,676223.0,676171.0,676123.0,676119.0,676105.0,676478.0,676526.0,676529.0,676530.0,676536.0,1.40402387,0.0100329,0.98,0.0100329,1.0,0.0100324,0.434,0.267378,0.0100324,0.004,"20180628 09:22:42.034562","20180628 09:22:29.463000",1
315,676733.0,0.01,676223.0,676171.0,676123.0,676119.0,676105.0,676478.0,676524.0,676529.0,676530.0,676536.0,1.40402387,0.0100329,0.98,0.0100329,1.0,0.0100324,0.434,0.267378,0.0100324,0.004,"20180628 09:22:44.433870","20180628 09:17:58.710000",1
308,676733.0,0.01,676223.0,676171.0,676123.0,676119.0,676105.0,676478.0,676529.0,676530.0,676536.0,676618.0,1.40402387,0.0100329,0.98,0.0100329,1.0,0.0100324,0.267378,0.0100324,0.004,0.133689,"20180628 09:22:44.644497","20180628 09:17:58.710000",1
66,676223.0,0.1,676223.0,676171.0,676123.0,676119.0,676098.0,676478.0,676529.0,676530.0,676536.0,676618.0,1.40402387,0.0100329,0.98,0.0100329,0.3,0.0100324,0.267378,0.0100324,0.004,0.133689,"20180628 09:22:44.926421","20180628 09:22:29.463000",1
69,676223.0,0.10820144,676223.0,676171.0,676123.0,676119.0,676105.0,676478.0,676526.0,676529.0,676530.0,676536.0,1.40402387,0.0100329,0.98,0.0100329,1.0,0.0100324,0.434,0.267378,0.0100324,0.004,"20180628 09:22:42.034562","20180628 09:22:43.433000",2
70,676223.0,0.10820144,676223.0,676171.0,676132.0,676123.0,676119.0,676478.0,676528.0,676529.0,676530.0,676536.0,1.29582243,0.0100329,1.0,0.98,0.0100329,0.0100324,0.434,0.267378,0.0100324,0.004,"20180628 09:22:46.471472","20180628 09:22:43.433000",1
67,676478.0,0.01,676223.0,676171.0,676123.0,676119.0,676098.0,676478.0,676529.0,676530.0,676536.0,676618.0,1.40402387,0.0100329,0.98,0.0100329,0.3,0.0100324,0.267378,0.0100324,0.004,0.133689,"20180628 09:22:44.926421","20180628 09:22:45.013000",2
94,676478.0,0.01,676223.0,676171.0,676123.0,676119.0,676098.0,676478.0,676528.0,676529.0,676530.0,676536.0,1.40402387,0.0100329,0.98,0.0100329,0.3,0.0100324,0.434,0.267378,0.0100324,0.004,"20180628 09:22:39.184211","20180628 09:22:45.013000",2
71,676478.0,0.01,676223.0,676171.0,676132.0,676123.0,676119.0,676478.0,676528.0,676529.0,676530.0,676536.0,1.29582243,0.0100329,1.0,0.98,0.0100329,0.0100324,0.434,0.267378,0.0100324,0.004,"20180628 09:22:46.471472","20180628 09:22:45.013000",2
316,676733.0,0.01,676223.0,676171.0,676132.0,676123.0,676119.0,676478.0,676527.0,676529.0,676530.0,676536.0,1.29582243,0.0100329,1.0,0.98,0.0100329,3.24e-05,0.434,0.267378,0.0100324,0.004,"20180628 09:22:47.087390","20180628 09:17:58.710000",1
95,676478.0,0.01,676223.0,676171.0,676123.0,676119.0,676105.0,676478.0,676529.0,676530.0,676536.0,676618.0,1.40402387,0.0100329,0.98,0.0100329,1.0,0.0100324,0.267378,0.0100324,0.004,0.133689,"20180628 09:22:47.240014","20180628 09:22:45.013000",1
309,676733.0,0.01,676223.0,676171.0,676132.0,676124.0,676123.0,676478.0,676526.0,676529.0,676530.0,676536.0,1.29582243,0.0100329,1.0,0.80000013,0.98,3.24e-05,0.434,0.267378,0.0100324,0.004,"20180628 09:22:48.496831","20180628 09:17:58.710000",1
72,676478.0,0.01,676229.0,676224.0,676223.0,676171.0,676124.0,676478.0,676525.0,676529.0,676530.0,676536.0,0.01,1.10000026,1.29582243,0.0100329,0.80000013,3.24e-05,0.434,0.267378,0.0100324,0.004,"20180628 09:22:49.316381","20180628 09:22:45.013000",1
96,676478.0,0.01,676229.0,676224.0,676223.0,676171.0,676145.0,676478.0,676524.0,676529.0,676530.0,676536.0,0.01,1.10000026,1.29582243,0.0100329,1.0,3.24e-05,0.434,0.267378,0.0100324,0.004,"20180628 09:22:49.817278","20180628 09:22:45.013000",1
317,676733.0,0.01,676229.0,676224.0,676223.0,676171.0,676145.0,676478.0,676524.0,676529.0,676530.0,676536.0,0.01,1.10000026,1.29582243,0.0100329,1.0,3.24e-05,0.434,0.267378,0.0100324,0.004,"20180628 09:22:50.001084","20180628 09:17:58.710000",1
68,676478.0,0.01,676223.0,676171.0,676132.0,676124.0,676123.0,676478.0,676526.0,676529.0,676530.0,676536.0,1.29582243,0.0100329,1.0,0.80000013,0.98,3.24e-05,0.434,0.267378,0.0100324,0.004,"20180628 09:22:50.675550","20180628 09:22:45.013000",1
310,676733.0,0.01,676229.0,676224.0,676223.0,676174.0,676171.0,676478.0,676528.0,676529.0,676530.0,676536.0,0.01,1.10000026,1.29582243,0.3,0.0100329,3.24e-05,0.434,0.267378,0.0100324,0.004,"20180628 09:22:51.142400","20180628 09:17:58.710000",1
69,676535.0,0.22255733,676223.0,676171.0,676132.0,676124.0,676123.0,676478.0,676526.0,676529.0,676530.0,676536.0,1.29582243,0.0100329,1.0,0.80000013,0.98,3.24e-05,0.434,0.267378,0.0100324,0.004,"20180628 09:22:50.675550","20180628 09:22:50.357000",2
97,676535.0,0.22255733,676229.0,676224.0,676223.0,676171.0,676145.0,676478.0,676524.0,676529.0,676530.0,676536.0,0.01,1.10000026,1.29582243,0.0100329,1.0,3.24e-05,0.434,0.267378,0.0100324,0.004,"20180628 09:22:49.817278","20180628 09:22:50.357000",2
73,676478.0,0.01,676229.0,676223.0,676174.0,676171.0,676167.0,676478.0,676529.0,676530.0,676536.0,676618.0,0.01,1.29582243,0.3,0.0100329,0.3,3.24e-05,0.267378,0.0100324,0.004,0.133689,"20180628 09:22:52.603327","20180628 09:22:45.013000",1
74,676535.0,0.22255733,676229.0,676223.0,676174.0,676171.0,676167.0,676478.0,676529.0,676530.0,676536.0,676618.0,0.01,1.29582243,0.3,0.0100329,0.3,3.24e-05,0.267378,0.0100324,0.004,0.133689,"20180628 09:22:52.603327","20180628 09:22:50.357000",2
70,676535.0,0.22255733,676229.0,676227.0,676226.0,676224.0,676223.0,676536.0,676616.0,676618.0,676634.0,676683.0,0.01,0.2722,0.60737893,0.60000013,1.29582243,0.004,0.3277,0.133689,0.0100324,1.0,"20180628 09:22:52.831831","20180628 09:22:50.357000",1
98,676535.0,0.22255733,676229.0,676224.0,676223.0,676175.0,676174.0,676536.0,676618.0,676634.0,676683.0,676686.0,0.01,0.60000013,1.29582243,0.80000013,0.3,0.004,0.133689,0.0100324,1.0,0.0100324,"20180628 09:22:52.835667","20180628 09:22:50.357000",1
318,676733.0,0.01,676229.0,676224.0,676223.0,676175.0,676174.0,676536.0,676618.0,676634.0,676683.0,676686.0,0.01,0.60000013,1.29582243,0.80000013,0.3,0.004,0.133689,0.0100324,1.0,0.0100324,"20180628 09:22:53.524742","20180628 09:17:58.710000",1
311,676733.0,0.01,676229.0,676227.0,676226.0,676224.0,676223.0,676536.0,676618.0,676634.0,676683.0,676686.0,0.01,0.2722,0.60737893,0.60000013,1.29582243,0.004,0.133689,0.0100324,1.0,0.0100324,"20180628 09:22:54.089746","20180628 09:17:58.710000",1
75,676535.0,0.22255733,676275.0,676229.0,676227.0,676226.0,676224.0,676536.0,676616.0,676618.0,676634.0,676683.0,0.0100329,0.01,0.2722,0.60737893,0.60000013,0.004,0.3327,0.133689,0.0100324,1.0,"20180628 09:22:55.621745","20180628 09:22:50.357000",1
99,676535.0,0.22255733,676275.0,676229.0,676228.0,676227.0,676226.0,676536.0,676616.0,676618.0,676634.0,676683.0,0.0100329,0.01,0.50000013,0.2722,0.60737893,0.004,0.3327,0.133689,0.0100324,1.0,"20180628 09:22:55.777191","20180628 09:22:50.357000",1
319,676733.0,0.01,676275.0,676230.0,676229.0,676228.0,676227.0,676536.0,676616.0,676618.0,676634.0,676683.0,0.0100329,0.12737893,0.01,0.50000013,0.2722,0.004,0.3327,0.133689,0.0100324,1.0,"20180628 09:22:56.272562","20180628 09:17:58.710000",1
312,676733.0,0.01,676275.0,676230.0,676229.0,676228.0,676227.0,676536.0,676616.0,676618.0,676634.0,676683.0,0.0100329,0.12737893,0.01,0.50000013,0.2722,0.004,0.3327,0.133689,0.0100324,1.0,"20180628 09:22:56.786093","20180628 09:17:58.710000",1
71,676535.0,0.22255733,676275.0,676230.0,676229.0,676228.0,676227.0,676536.0,676616.0,676618.0,676634.0,676683.0,0.0100329,0.12737893,0.01,0.50000013,0.2722,0.004,0.3327,0.133689,0.0100324,1.0,"20180628 09:22:57.847133","20180628 09:22:50.357000",1
100,676535.0,0.22255733,676275.0,676231.0,676230.0,676223.0,676174.0,676536.0,676616.0,676618.0,676634.0,676659.0,0.0100329,0.2572,0.60737893,1.29582243,0.3,0.004,0.3427,0.133689,0.0100324,0.3,"20180628 09:22:58.663923","20180628 09:22:50.357000",1
76,676535.0,0.22255733,676275.0,676231.0,676230.0,676223.0,676174.0,676536.0,676616.0,676618.0,676634.0,676659.0,0.0100329,0.2572,0.60737893,1.29582243,0.3,0.004,0.3427,0.133689,0.0100324,0.3,"20180628 09:22:58.896341","20180628 09:22:50.357000",1
320,676733.0,0.01,676275.0,676232.0,676230.0,676223.0,676174.0,676536.0,676615.0,676618.0,676634.0,676652.0,0.0100329,0.85720013,0.48,1.29582243,0.3,0.004,0.3427,0.133689,0.0100324,0.3,"20180628 09:22:58.921473","20180628 09:17:58.710000",1
313,676733.0,0.01,676275.0,676234.0,676232.0,676223.0,676174.0,676536.0,676615.0,676618.0,676634.0,676652.0,0.0100329,0.60737893,0.85720013,1.29582243,0.3,0.004,0.3427,0.133689,0.0100324,0.3,"20180628 09:22:59.860856","20180628 09:17:58.710000",1
72,676535.0,0.22255733,676275.0,676234.0,676232.0,676223.0,676171.0,676536.0,676618.0,676634.0,676652.0,676659.0,0.0100329,0.60737893,0.60000013,1.29582243,0.0100329,0.004,0.133689,0.0100324,0.3,0.3,"20180628 09:23:00.804489","20180628 09:22:50.357000",1
321,676733.0,0.01,676275.0,676234.0,676232.0,676223.0,676171.0,676536.0,676618.0,676634.0,676652.0,676659.0,0.0100329,0.60737893,0.60000013,1.29582243,0.0100329,0.004,0.133689,0.0100324,0.3,0.3,"20180628 09:23:01.661213","20180628 09:17:58.710000",1
101,676535.0,0.22255733,676275.0,676234.0,676232.0,676223.0,676171.0,676536.0,676618.0,676634.0,676652.0,676659.0,0.0100329,0.60737893,0.60000013,1.29582243,0.0100329,0.004,0.133689,0.0100324,0.3,0.3,"20180628 09:23:01.782836","20180628 09:22:50.357000",1
77,676535.0,0.22255733,676275.0,676234.0,676232.0,676223.0,676171.0,676536.0,676618.0,676634.0,676652.0,676659.0,0.0100329,0.60737893,0.60000013,1.29582243,0.0100329,0.004,0.133689,0.0100324,0.3,0.3,"20180628 09:23:02.189547","20180628 09:22:50.357000",1
314,676733.0,0.01,676275.0,676237.0,676235.0,676223.0,676171.0,676536.0,676612.0,676618.0,676634.0,676652.0,0.0100329,0.60737893,0.50000013,1.29582243,0.0100329,0.004,0.3427,0.133689,0.0100324,0.3,"20180628 09:23:02.512641","20180628 09:17:58.710000",1
73,676535.0,0.22255733,676275.0,676237.0,676235.0,676223.0,676171.0,676536.0,676610.0,676618.0,676634.0,676652.0,0.0100329,0.60737893,0.50000013,1.29582243,0.0100329,0.004,0.3427,0.133689,0.0100324,0.3,"20180628 09:23:03.631881","20180628 09:22:50.357000",1
322,676733.0,0.01,676275.0,676237.0,676235.0,676223.0,676171.0,676536.0,676617.0,676618.0,676634.0,676652.0,0.0100329,0.60737893,0.50000013,1.29582243,0.0100329,0.004,0.3427,0.133689,0.0100324,0.3,"20180628 09:23:04.593620","20180628 09:17:58.710000",1
78,676535.0,0.22255733,676275.0,676237.0,676235.0,676223.0,676171.0,676536.0,676617.0,676618.0,676634.0,676652.0,0.0100329,0.60737893,0.50000013,1.29582243,0.0100329,0.004,0.3427,0.133689,0.0100324,0.3,"20180628 09:23:05.165094","20180628 09:22:50.357000",1
315,676733.0,0.01,676275.0,676237.0,676235.0,676223.0,676171.0,676536.0,676616.0,676618.0,676634.0,676652.0,0.0100329,0.60737893,0.50000013,1.29582243,0.0100329,0.004,0.3427,0.133689,0.0100324,0.3,"20180628 09:23:05.451601","20180628 09:17:58.710000",1
102,676535.0,0.22255733,676275.0,676237.0,676235.0,676223.0,676171.0,676536.0,676617.0,676618.0,676634.0,676652.0,0.0100329,0.60737893,0.50000013,1.29582243,0.0100329,0.004,0.3427,0.133689,0.0100324,0.3,"20180628 09:23:05.723101","20180628 09:22:50.357000",1
74,676535.0,0.22255733,676275.0,676237.0,676223.0,676171.0,676124.0,676536.0,676615.0,676618.0,676634.0,676652.0,0.0100329,0.60737893,1.29582243,0.0100329,0.60000013,0.004,0.3427,0.133689,0.0100324,0.3,"20180628 09:23:06.283102","20180628 09:22:50.357000",1
323,676733.0,0.01,676275.0,676225.0,676223.0,676171.0,676124.0,676536.0,676615.0,676618.0,676634.0,676652.0,0.0100329,0.60737893,1.29582243,0.0100329,0.60000013,0.004,0.3427,0.133689,0.0100324,0.3,"20180628 09:23:07.542477","20180628 09:17:58.710000",1
79,676535.0,0.22255733,676275.0,676225.0,676223.0,676171.0,676124.0,676536.0,676615.0,676618.0,676634.0,676652.0,0.0100329,0.60737893,1.29582243,0.0100329,0.60000013,0.004,0.3427,0.133689,0.0100324,0.3,"20180628 09:23:07.971180","20180628 09:22:50.357000",1
103,676535.0,0.22255733,676275.0,676225.0,676223.0,676171.0,676124.0,676536.0,676614.0,676618.0,676634.0,676652.0,0.0100329,0.60737893,1.29582243,0.0100329,0.60000013,0.004,0.3427,0.133689,0.0100324,0.3,"20180628 09:23:08.651011","20180628 09:22:50.357000",1
75,676535.0,0.22255733,676275.0,676225.0,676224.0,676223.0,676171.0,676536.0,676614.0,676618.0,676634.0,676652.0,0.0100329,0.60737893,0.50000013,1.29582243,0.0100329,0.004,0.3427,0.133689,0.0100324,0.3,"20180628 09:23:09.284019","20180628 09:22:50.357000",1
76,676500.0,0.01,676275.0,676225.0,676224.0,676223.0,676171.0,676536.0,676614.0,676618.0,676634.0,676652.0,0.0100329,0.60737893,0.50000013,1.29582243,0.0100329,0.004,0.3427,0.133689,0.0100324,0.3,"20180628 09:23:09.284019","20180628 09:23:08.560000",2
104,676500.0,0.01,676275.0,676225.0,676223.0,676171.0,676124.0,676536.0,676614.0,676618.0,676634.0,676652.0,0.0100329,0.60737893,1.29582243,0.0100329,0.60000013,0.004,0.3427,0.133689,0.0100324,0.3,"20180628 09:23:08.651011","20180628 09:23:08.560000",2
80,676500.0,0.01,676275.0,676225.0,676223.0,676171.0,676124.0,676536.0,676615.0,676618.0,676634.0,676652.0,0.0100329,0.60737893,1.29582243,0.0100329,0.60000013,0.004,0.3427,0.133689,0.0100324,0.3,"20180628 09:23:07.971180","20180628 09:23:08.560000",2
316,676733.0,0.01,676275.0,676225.0,676224.0,676223.0,676171.0,676536.0,676613.0,676618.0,676634.0,676652.0,0.0100329,0.60737893,0.50000013,1.29582243,0.0100329,0.004,0.3427,0.133689,0.0100324,0.3,"20180628 09:23:09.769549","20180628 09:17:58.710000",1
324,676733.0,0.01,676275.0,676226.0,676224.0,676223.0,676171.0,676500.0,676536.0,676618.0,676634.0,676652.0,0.0100329,0.60737893,0.50000013,1.29582243,0.0100329,0.866,0.004,0.133689,0.0100324,0.3,"20180628 09:23:10.637366","20180628 09:17:58.710000",1
81,676500.0,0.01,676275.0,676226.0,676224.0,676223.0,676171.0,676500.0,676536.0,676618.0,676634.0,676652.0,0.0100329,0.60737893,0.50000013,1.29582243,0.0100329,0.866,0.004,0.133689,0.0100324,0.3,"20180628 09:23:10.701380","20180628 09:23:08.560000",1
105,676500.0,0.1,676275.0,676225.0,676223.0,676171.0,676124.0,676536.0,676614.0,676618.0,676634.0,676652.0,0.0100329,0.60737893,1.29582243,0.0100329,0.60000013,0.004,0.3427,0.133689,0.0100324,0.3,"20180628 09:23:08.651011","20180628 09:23:10.340000",2
82,676500.0,0.1,676275.0,676226.0,676224.0,676223.0,676171.0,676500.0,676536.0,676618.0,676634.0,676652.0,0.0100329,0.60737893,0.50000013,1.29582243,0.0100329,0.866,0.004,0.133689,0.0100324,0.3,"20180628 09:23:10.701380","20180628 09:23:10.340000",2
77,676500.0,0.01,676275.0,676226.0,676224.0,676223.0,676171.0,676500.0,676536.0,676618.0,676634.0,676652.0,0.0100329,0.60737893,0.50000013,1.29582243,0.0100329,0.756,0.004,0.133689,0.0100324,0.3,"20180628 09:23:11.948729","20180628 09:23:08.560000",1
106,676500.0,0.1,676275.0,676226.0,676224.0,676223.0,676171.0,676499.0,676500.0,676536.0,676579.0,676618.0,0.0100329,0.60737893,0.50000013,1.29582243,0.0100329,0.3377,0.756,0.004,0.3,0.133689,"20180628 09:23:12.231613","20180628 09:23:10.340000",1
317,676733.0,0.01,676275.0,676226.0,676224.0,676223.0,676171.0,676499.0,676500.0,676536.0,676579.0,676618.0,0.0100329,0.60737893,0.50000013,1.29582243,0.0100329,0.3377,0.756,0.004,0.3,0.133689,"20180628 09:23:13.032251","20180628 09:17:58.710000",1
107,676082.0,0.28104874,676275.0,676226.0,676224.0,676223.0,676171.0,676499.0,676500.0,676536.0,676579.0,676618.0,0.0100329,0.60737893,0.50000013,1.29582243,0.0100329,0.3377,0.756,0.004,0.3,0.133689,"20180628 09:23:12.231613","20180628 09:23:11.763000",2
83,676082.0,0.28104874,676275.0,676226.0,676224.0,676223.0,676171.0,676500.0,676536.0,676618.0,676634.0,676652.0,0.0100329,0.60737893,0.50000013,1.29582243,0.0100329,0.866,0.004,0.133689,0.0100324,0.3,"20180628 09:23:10.701380","20180628 09:23:11.763000",2
84,676082.0,0.28104874,676275.0,676223.0,676171.0,676123.0,676119.0,676498.0,676500.0,676536.0,676579.0,676618.0,0.0100329,1.29582243,0.0100329,0.98,0.0100329,0.3377,0.756,0.004,0.3,0.133689,"20180628 09:23:13.407661","20180628 09:23:11.763000",1
325,676733.0,0.01,676275.0,676223.0,676171.0,676123.0,676119.0,676498.0,676500.0,676536.0,676579.0,676618.0,0.0100329,1.29582243,0.0100329,0.98,0.0100329,0.3377,0.756,0.004,0.3,0.133689,"20180628 09:23:13.488592","20180628 09:17:58.710000",1
78,676082.0,0.28104874,676275.0,676226.0,676224.0,676223.0,676171.0,676500.0,676536.0,676618.0,676634.0,676652.0,0.0100329,0.60737893,0.50000013,1.29582243,0.0100329,0.756,0.004,0.133689,0.0100324,0.3,"20180628 09:23:11.948729","20180628 09:23:11.763000",2
79,676082.0,0.28104874,676124.0,676068.0,676067.0,676000.0,675971.0,676464.0,676497.0,676500.0,676536.0,676579.0,0.50000013,0.2672,0.0100329,0.011,0.0028,0.3,0.3327,0.756,0.004,0.3,"20180628 09:23:14.607668","20180628 09:23:11.763000",1
108,676082.0,0.28104874,676124.0,676067.0,676000.0,675971.0,675963.0,676322.0,676374.0,676403.0,676463.0,676464.0,0.50000013,0.0100329,0.011,0.0028,0.01003293,0.0100324,0.0100324,0.3,0.2977,0.3,"20180628 09:23:16.041296","20180628 09:23:11.763000",1
318,676733.0,0.01,676125.0,676124.0,676067.0,676000.0,675971.0,676374.0,676403.0,676463.0,676464.0,676500.0,0.3022,0.50000013,0.0100329,0.011,0.0028,0.0100324,0.3,0.2977,0.3,0.756,"20180628 09:23:16.097822","20180628 09:17:58.710000",1
85,676082.0,0.28104874,676126.0,676124.0,676067.0,676000.0,675971.0,676322.0,676374.0,676403.0,676463.0,676464.0,0.3272,0.50000013,0.0100329,0.011,0.0028,0.0100324,0.0100324,0.3,0.2977,0.3,"20180628 09:23:16.323604","20180628 09:23:11.763000",1
326,676733.0,0.01,676067.0,676000.0,675971.0,675963.0,675915.0,676322.0,676374.0,676402.0,676403.0,676426.0,0.0100329,0.011,0.0028,0.01003293,0.60000013,0.0100324,0.0100324,0.2677,0.3,0.0100324,"20180628 09:23:17.157774","20180628 09:17:58.710000",1
80,676082.0,0.28104874,676067.0,676000.0,675971.0,675963.0,675915.0,676322.0,676374.0,676402.0,676403.0,676426.0,0.0100329,0.011,0.0028,0.01003293,0.60000013,0.0100324,0.0100324,0.2677,0.3,0.0100324,"20180628 09:23:17.254871","20180628 09:23:11.763000",1
319,676733.0,0.01,676067.0,676000.0,675971.0,675964.0,675963.0,676322.0,676374.0,676401.0,676403.0,676426.0,0.0100329,0.011,0.0028,0.3372,0.01003293,0.0100324,0.0100324,0.61532107,0.3,0.0100324,"20180628 09:23:19.001891","20180628 09:17:58.710000",1
86,676082.0,0.28104874,676067.0,676000.0,675971.0,675964.0,675963.0,676322.0,676374.0,676401.0,676403.0,676426.0,0.0100329,0.011,0.0028,0.3372,0.01003293,0.0100324,0.0100324,0.61532107,0.3,0.0100324,"20180628 09:23:19.524348","20180628 09:23:11.763000",1
327,676733.0,0.01,676067.0,676000.0,675971.0,675963.0,675918.0,676322.0,676374.0,676400.0,676401.0,676403.0,0.0100329,0.011,0.0028,0.01003293,0.60000013,0.0100324,0.0100324,0.2477,0.35262107,0.3,"20180628 09:23:19.710222","20180628 09:17:58.710000",1
81,676082.0,0.28104874,676067.0,676000.0,675971.0,675963.0,675918.0,676322.0,676374.0,676400.0,676401.0,676403.0,0.0100329,0.011,0.0028,0.01003293,0.60000013,0.0100324,0.0100324,0.2477,0.35262107,0.3,"20180628 09:23:19.844874","20180628 09:23:11.763000",1
109,676082.0,0.28104874,676067.0,676000.0,675971.0,675964.0,675963.0,676322.0,676374.0,676401.0,676403.0,676426.0,0.0100329,0.011,0.0028,0.3372,0.01003293,0.0100324,0.0100324,0.61532107,0.3,0.0100324,"20180628 09:23:20.592501","20180628 09:23:11.763000",1
320,676733.0,0.01,676067.0,676000.0,675971.0,675963.0,675921.0,676322.0,676374.0,676399.0,676401.0,676403.0,0.0100329,0.011,0.0028,0.01003293,0.3522,0.0100324,0.0100324,0.2477,0.35262107,0.3,"20180628 09:23:21.685697","20180628 09:17:58.710000",1
87,676082.0,0.28104874,676067.0,676000.0,675971.0,675963.0,675921.0,676322.0,676374.0,676401.0,676403.0,676426.0,0.0100329,0.011,0.0028,0.01003293,0.3522,0.0100324,0.0100324,0.35262107,0.3,0.0100324,"20180628 09:23:22.104262","20180628 09:23:11.763000",1
328,676733.0,0.01,676067.0,676000.0,675971.0,675963.0,675921.0,676322.0,676374.0,676401.0,676403.0,676426.0,0.0100329,0.011,0.0028,0.01003293,0.3522,0.0100324,0.0100324,0.35262107,0.3,0.0100324,"20180628 09:23:22.578298","20180628 09:17:58.710000",1
82,676082.0,0.28104874,676067.0,676000.0,675971.0,675963.0,675921.0,676322.0,676374.0,676401.0,676403.0,676426.0,0.0100329,0.011,0.0028,0.01003293,0.3522,0.0100324,0.0100324,0.35262107,0.3,0.0100324,"20180628 09:23:22.906701","20180628 09:23:11.763000",1
110,676082.0,0.28104874,676067.0,676000.0,675971.0,675963.0,675921.0,676322.0,676374.0,676400.0,676401.0,676403.0,0.0100329,0.011,0.0028,0.01003293,0.3522,0.0100324,0.0100324,0.2477,0.35262107,0.3,"20180628 09:23:23.973166","20180628 09:23:11.763000",1
88,676082.0,0.28104874,676067.0,676000.0,675971.0,675963.0,675923.0,676322.0,676374.0,676400.0,676401.0,676403.0,0.0100329,0.011,0.0028,0.01003293,0.3522,0.0100324,0.0100324,0.2477,0.35262107,0.3,"20180628 09:23:24.923763","20180628 09:23:11.763000",1
329,676733.0,0.01,676067.0,676000.0,675971.0,675963.0,675924.0,676322.0,676374.0,676400.0,676401.0,676403.0,0.0100329,0.011,0.0028,0.01003293,0.12737893,0.0100324,0.0100324,0.2477,0.35262107,0.3,"20180628 09:23:25.192010","20180628 09:17:58.710000",1
83,676082.0,0.28104874,676067.0,676000.0,675971.0,675963.0,675924.0,676322.0,676374.0,676400.0,676401.0,676403.0,0.0100329,0.011,0.0028,0.01003293,0.12737893,0.0100324,0.0100324,0.2477,0.35262107,0.3,"20180628 09:23:25.512571","20180628 09:23:11.763000",1
321,676733.0,0.01,676067.0,676000.0,675971.0,675963.0,675924.0,676322.0,676374.0,676400.0,676401.0,676403.0,0.0100329,0.011,0.0028,0.01003293,0.12737893,0.0100324,0.0100324,0.2477,0.35262107,0.3,"20180628 09:23:25.852028","20180628 09:17:58.710000",1
111,676082.0,0.28104874,676067.0,676000.0,675971.0,675963.0,675924.0,676322.0,676374.0,676400.0,676401.0,676403.0,0.0100329,0.011,0.0028,0.01003293,0.12737893,0.0100324,0.0100324,0.2477,0.35262107,0.3,"20180628 09:23:26.569174","20180628 09:23:11.763000",1
322,676733.0,0.01,676067.0,676000.0,675971.0,675963.0,675926.0,676322.0,676374.0,676400.0,676401.0,676403.0,0.0100329,0.011,0.0028,0.01003293,0.3472,0.0100324,0.0100324,0.2477,0.35262107,0.3,"20180628 09:23:28.583614","20180628 09:17:58.710000",1
89,676082.0,0.28104874,676067.0,676000.0,675971.0,675963.0,675926.0,676322.0,676374.0,676400.0,676401.0,676403.0,0.0100329,0.011,0.0028,0.01003293,0.3472,0.0100324,0.0100324,0.2477,0.35262107,0.3,"20180628 09:23:29.052037","20180628 09:23:11.763000",1
330,676733.0,0.01,676067.0,676000.0,675971.0,675963.0,675925.0,676322.0,676374.0,676400.0,676401.0,676403.0,0.0100329,0.011,0.0028,0.01003293,0.3522,0.0100324,0.0100324,0.2477,0.35262107,0.3,"20180628 09:23:29.279503","20180628 09:17:58.710000",1
112,676082.0,0.28104874,676067.0,676000.0,675971.0,675963.0,675911.0,676322.0,676374.0,676400.0,676401.0,676403.0,0.0100329,0.011,0.0028,0.01003293,0.01003293,0.0100324,0.0100324,0.2477,0.35262107,0.3,"20180628 09:23:29.303930","20180628 09:23:11.763000",1
84,676082.0,0.28104874,676067.0,676000.0,675971.0,675963.0,675928.0,676322.0,676374.0,676400.0,676401.0,676403.0,0.0100329,0.011,0.0028,0.01003293,0.4422,0.0100324,0.0100324,0.2477,0.35262107,0.3,"20180628 09:23:31.074834","20180628 09:23:11.763000",1
323,676733.0,0.01,676067.0,676000.0,675971.0,675963.0,675929.0,676322.0,676374.0,676400.0,676401.0,676403.0,0.0100329,0.011,0.0028,0.01003293,1.41000026,0.0100324,0.0100324,0.2477,0.35262107,0.3,"20180628 09:23:31.190458","20180628 09:17:58.710000",1
90,676082.0,0.28104874,676067.0,676000.0,675971.0,675963.0,675931.0,676322.0,676374.0,676400.0,676401.0,676403.0,0.0100329,0.011,0.0028,0.01003293,0.12737893,0.0100324,0.0100324,0.2477,0.35262107,0.3,"20180628 09:23:31.654785","20180628 09:23:11.763000",1
113,676082.0,0.28104874,676067.0,676000.0,675971.0,675963.0,675931.0,676322.0,676374.0,676400.0,676401.0,676403.0,0.0100329,0.011,0.0028,0.01003293,0.12737893,0.0100324,0.0100324,0.2477,0.35262107,0.3,"20180628 09:23:31.904920","20180628 09:23:11.763000",1
331,676733.0,0.01,676067.0,676000.0,675971.0,675963.0,675931.0,676322.0,676374.0,676400.0,676401.0,676403.0,0.0100329,0.011,0.0028,0.01003293,0.12737893,0.0100324,0.0100324,0.2477,0.35262107,0.3,"20180628 09:23:31.988606","20180628 09:17:58.710000",1
85,676082.0,0.28104874,676067.0,676000.0,675971.0,675963.0,675931.0,676322.0,676374.0,676400.0,676401.0,676403.0,0.0100329,0.011,0.0028,0.01003293,0.12737893,0.0100324,0.0100324,0.2477,0.35262107,0.3,"20180628 09:23:33.609772","20180628 09:23:11.763000",1
91,676300.0,0.01,676067.0,676000.0,675971.0,675963.0,675931.0,676322.0,676374.0,676400.0,676401.0,676403.0,0.0100329,0.011,0.0028,0.01003293,0.12737893,0.0100324,0.0100324,0.2477,0.35262107,0.3,"20180628 09:23:31.654785","20180628 09:23:32.420000",2
324,676733.0,0.01,676067.0,676000.0,675971.0,675963.0,675933.0,676300.0,676322.0,676374.0,676400.0,676401.0,0.0100329,0.011,0.0028,0.01003293,0.3422,0.756,0.0100324,0.0100324,0.2477,0.35262107,"20180628 09:23:34.300220","20180628 09:17:58.710000",1
114,676300.0,0.01,676067.0,676000.0,675971.0,675963.0,675931.0,676322.0,676374.0,676400.0,676401.0,676403.0,0.0100329,0.011,0.0028,0.01003293,0.12737893,0.0100324,0.0100324,0.2477,0.35262107,0.3,"20180628 09:23:31.904920","20180628 09:23:32.420000",2
92,676300.0,0.01,676067.0,676000.0,675971.0,675963.0,675933.0,676300.0,676322.0,676374.0,676400.0,676401.0,0.0100329,0.011,0.0028,0.01003293,0.3422,0.746,0.0100324,0.0100324,0.2477,0.35262107,"20180628 09:23:34.340852","20180628 09:23:32.420000",1
332,676733.0,0.01,676067.0,676000.0,675971.0,675963.0,675933.0,676300.0,676322.0,676374.0,676403.0,676426.0,0.0100329,0.011,0.0028,0.01003293,0.3422,0.746,0.0100324,0.0100324,0.3,0.0100324,"20180628 09:23:34.580185","20180628 09:17:58.710000",1
86,676300.0,0.01,676067.0,676000.0,675971.0,675963.0,675931.0,676322.0,676374.0,676400.0,676401.0,676403.0,0.0100329,0.011,0.0028,0.01003293,0.12737893,0.0100324,0.0100324,0.2477,0.35262107,0.3,"20180628 09:23:33.609772","20180628 09:23:32.420000",2
115,676300.0,0.01,676067.0,676000.0,675971.0,675963.0,675933.0,676300.0,676322.0,676374.0,676403.0,676426.0,0.0100329,0.011,0.0028,0.01003293,0.3422,0.746,0.0100324,0.0100324,0.3,0.0100324,"20180628 09:23:35.096977","20180628 09:23:32.420000",1
93,676300.0,0.06,676067.0,676000.0,675971.0,675963.0,675933.0,676300.0,676322.0,676374.0,676400.0,676401.0,0.0100329,0.011,0.0028,0.01003293,0.3422,0.746,0.0100324,0.0100324,0.2477,0.35262107,"20180628 09:23:34.340852","20180628 09:23:34.793000",2
116,676300.0,0.32,676067.0,676000.0,675971.0,675963.0,675933.0,676300.0,676322.0,676374.0,676403.0,676426.0,0.0100329,0.011,0.0028,0.01003293,0.3422,0.746,0.0100324,0.0100324,0.3,0.0100324,"20180628 09:23:35.096977","20180628 09:23:35.623000",2
87,676300.0,0.01,676067.0,676000.0,675971.0,675963.0,675913.0,676300.0,676322.0,676374.0,676403.0,676426.0,0.0100329,0.011,0.0028,0.01003293,0.3522,0.646,0.0100324,0.0100324,0.3,0.0100324,"20180628 09:23:36.488364","20180628 09:23:32.420000",1
88,676300.0,0.32,676067.0,676000.0,675971.0,675963.0,675913.0,676300.0,676322.0,676374.0,676403.0,676426.0,0.0100329,0.011,0.0028,0.01003293,0.3522,0.646,0.0100324,0.0100324,0.3,0.0100324,"20180628 09:23:36.488364","20180628 09:23:35.623000",2
325,676733.0,0.01,676067.0,676000.0,675971.0,675963.0,675914.0,676300.0,676322.0,676374.0,676403.0,676426.0,0.0100329,0.011,0.0028,0.01003293,1.41000026,0.586,0.0100324,0.0100324,0.3,0.0100324,"20180628 09:23:36.891007","20180628 09:17:58.710000",1
94,676300.0,0.06,676067.0,676000.0,675971.0,675963.0,675914.0,676300.0,676322.0,676374.0,676403.0,676426.0,0.0100329,0.011,0.0028,0.01003293,1.41000026,0.586,0.0100324,0.0100324,0.3,0.0100324,"20180628 09:23:36.935375","20180628 09:23:34.793000",1
333,676733.0,0.01,676067.0,676000.0,675971.0,675963.0,675914.0,676300.0,676322.0,676374.0,676403.0,676426.0,0.0100329,0.011,0.0028,0.01003293,1.76220026,0.266,0.0100324,0.0100324,0.3,0.0100324,"20180628 09:23:37.180588","20180628 09:17:58.710000",1
95,676403.0,0.0039352,676067.0,676000.0,675971.0,675963.0,675914.0,676300.0,676322.0,676374.0,676403.0,676426.0,0.0100329,0.011,0.0028,0.01003293,1.41000026,0.586,0.0100324,0.0100324,0.3,0.0100324,"20180628 09:23:36.935375","20180628 09:23:36.543000",2
117,676300.0,0.32,676067.0,676000.0,675971.0,675963.0,675914.0,676300.0,676322.0,676374.0,676403.0,676426.0,0.0100329,0.011,0.0028,0.01003293,1.76220026,0.266,0.0100324,0.0100324,0.3,0.0100324,"20180628 09:23:37.730371","20180628 09:23:35.623000",1
118,676403.0,0.0039352,676067.0,676000.0,675971.0,675963.0,675914.0,676300.0,676322.0,676374.0,676403.0,676426.0,0.0100329,0.011,0.0028,0.01003293,1.76220026,0.266,0.0100324,0.0100324,0.3,0.0100324,"20180628 09:23:37.730371","20180628 09:23:36.543000",2
89,676403.0,0.0039352,676067.0,676000.0,675971.0,675963.0,675913.0,676300.0,676322.0,676374.0,676403.0,676426.0,0.0100329,0.011,0.0028,0.01003293,0.3522,0.646,0.0100324,0.0100324,0.3,0.0100324,"20180628 09:23:36.488364","20180628 09:23:36.543000",2
96,676403.0,0.0039352,676067.0,676000.0,675971.0,675964.0,675963.0,676403.0,676426.0,676461.0,676463.0,676464.0,0.0100329,0.011,0.0028,0.3372,0.01003293,0.2960648,0.0100324,0.35262107,0.2627,0.3,"20180628 09:23:39.602099","20180628 09:23:36.543000",1
334,676733.0,0.01,676067.0,676000.0,675971.0,675964.0,675963.0,676403.0,676426.0,676461.0,676463.0,676464.0,0.0100329,0.011,0.0028,0.3372,0.01003293,0.2960648,0.0100324,0.35262107,0.2627,0.3,"20180628 09:23:39.715169","20180628 09:17:58.710000",1
326,676733.0,0.01,676067.0,676000.0,675971.0,675964.0,675963.0,676401.0,676403.0,676426.0,676463.0,676464.0,0.0100329,0.011,0.0028,0.3372,0.01003293,0.35262107,0.2960648,0.0100324,0.2627,0.3,"20180628 09:23:39.765321","20180628 09:17:58.710000",1
