"id","trade_px","trade_volume","b1","b2","b3","b4","b5","a1","a2","a3","a4","a5","bq1","bq2","bq3","bq4","bq5","aq1","aq2","aq3","aq4","aq5","order_date_time","trades_date_time","update_type"
848,6109.33,0.0109,6109.33,6109.32,6108.73,6108.4,6107.73,6109.34,6110.0,6110.56,6111.0,6111.29,31.69110761,0.03,0.001,0.016,0.001,5.05650658,0.1,1.0,0.004,1.63713,"20180628 09:20:18.289961","20180628 09:20:17.542239",1
109,6109.33,0.0109,6109.33,6109.32,6108.73,6108.4,6107.73,6109.34,6110.0,6110.56,6111.0,6111.29,33.72710761,0.03,0.001,0.016,0.001,5.05650658,0.1,1.0,0.004,1.63713,"20180628 09:20:18.359200","20180628 09:20:17.436169",1
431,6109.34,0.16319421,6109.33,6109.32,6108.24,6107.56,6106.38,6109.34,6110.0,6110.56,6111.0,6111.29,33.72910761,0.03,0.016,0.002,2.1,4.90251058,0.1,1.0,0.004,1.63713,"20180628 09:20:17.583623","20180628 09:20:18.636880",2
849,6109.34,0.16319421,6109.33,6109.32,6108.73,6108.4,6107.73,6109.34,6110.0,6110.56,6111.0,6111.29,31.69110761,0.03,0.001,0.016,0.001,5.05650658,0.1,1.0,0.004,1.63713,"20180628 09:20:18.289961","20180628 09:20:18.663547",2
414,6109.34,0.16319421,6109.33,6109.32,6108.24,6107.56,6106.38,6109.34,6110.0,6110.56,6111.0,6111.29,33.72910761,0.03,0.016,0.002,2.1,4.90251058,0.1,1.0,0.004,1.63713,"20180628 09:20:17.548319","20180628 09:20:18.666010",2
12,6109.34,0.16319421,6109.33,6109.32,6108.14,6107.73,6107.56,6109.34,6110.0,6110.56,6111.0,6111.29,38.05100761,0.03,0.016,0.001,0.002,4.90251058,0.1,1.0,0.004,1.63713,"20180628 09:20:16.542091","20180628 09:20:18.738582",2
110,6109.34,0.16319421,6109.33,6109.32,6108.73,6108.4,6107.73,6109.34,6110.0,6110.56,6111.0,6111.29,33.72710761,0.03,0.001,0.016,0.001,5.05650658,0.1,1.0,0.004,1.63713,"20180628 09:20:18.359200","20180628 09:20:18.923154",2
415,6109.34,0.16319421,6109.33,6109.32,6108.63,6107.56,6106.38,6109.34,6110.0,6110.56,6111.0,6111.29,36.22764761,0.03,0.016,0.002,2.1,4.89314237,0.1,1.0,0.004,1.63713,"20180628 09:20:19.443000","20180628 09:20:18.666010",1
1,0.0,0.0,6109.33,6109.32,6108.73,6108.63,6107.56,6109.34,6110.0,6110.56,6111.0,6111.29,33.72764761,0.03,0.001,0.016,0.002,4.89314237,0.1,1.0,0.004,1.63713,"20180628 09:20:19.631218","20000101 00:00:00.000000",1
13,6109.34,0.16319421,6109.33,6109.32,6108.73,6108.63,6107.56,6109.34,6110.0,6110.56,6111.0,6111.29,33.72764761,0.03,0.001,0.016,0.002,4.89314237,0.1,1.0,0.004,1.63713,"20180628 09:20:19.981608","20180628 09:20:18.738582",1
850,6109.34,0.16319421,6109.33,6109.32,6108.73,6108.59,6107.73,6109.34,6110.0,6110.56,6111.0,6111.29,33.72764761,0.03,0.001,0.016,0.001,4.89314237,0.1,1.0,0.004,1.63713,"20180628 09:20:20.181177","20180628 09:20:18.663547",1
111,6109.34,0.16319421,6109.33,6109.32,6108.73,6108.59,6107.73,6109.34,6110.0,6110.56,6111.0,6111.29,33.72764761,0.03,0.001,0.016,0.001,4.89314237,0.1,1.0,0.004,1.63713,"20180628 09:20:20.201514","20180628 09:20:18.923154",1
432,6109.34,0.16319421,6109.33,6109.32,6108.73,6108.59,6107.56,6109.34,6110.0,6110.56,6111.0,6111.29,33.72964761,0.03,0.001,0.016,0.002,4.89314237,0.1,1.0,0.004,1.63713,"20180628 09:20:20.471720","20180628 09:20:18.636880",1
416,6109.34,0.16319421,6109.33,6109.32,6108.59,6107.56,6106.38,6109.34,6110.0,6110.56,6111.0,6111.29,36.22964761,0.03,0.016,0.002,2.1,4.89314237,0.1,1.0,0.004,1.63713,"20180628 09:20:21.306933","20180628 09:20:18.666010",1
2,0.0,0.0,6109.33,6109.32,6108.59,6107.56,6106.38,6109.34,6110.0,6110.56,6111.0,6111.29,36.22764761,0.03,0.016,0.002,2.1,4.89314237,0.1,1.0,0.004,1.63713,"20180628 09:20:21.488361","20000101 00:00:00.000000",1
14,6109.34,0.16319421,6109.33,6109.32,6108.73,6108.59,6107.73,6109.34,6110.0,6110.56,6111.0,6111.29,33.72764761,0.03,0.001,0.016,0.001,4.89314237,0.1,1.0,0.004,1.63713,"20180628 09:20:21.878882","20180628 09:20:18.738582",1
851,6109.34,0.16319421,6109.33,6109.32,6108.6,6107.73,6107.56,6109.34,6110.0,6110.56,6111.0,6111.29,33.72764761,0.03,0.016,0.001,0.002,4.89314237,0.1,1.0,0.004,1.63713,"20180628 09:20:22.043583","20180628 09:20:18.663547",1
112,6109.34,0.16319421,6109.33,6109.32,6108.6,6107.73,6107.56,6109.34,6110.0,6110.56,6111.0,6111.29,33.72764761,0.03,0.016,0.001,0.002,4.89314237,0.1,1.0,0.004,1.63713,"20180628 09:20:22.080360","20180628 09:20:18.923154",1
433,6109.34,0.16319421,6109.33,6109.32,6108.6,6107.73,6107.56,6109.34,6110.0,6110.56,6111.0,6111.29,36.22964761,0.03,0.016,0.001,0.002,4.89314237,0.1,1.0,0.004,1.63713,"20180628 09:20:22.358669","20180628 09:20:18.636880",1
417,6109.34,0.16319421,6109.33,6108.59,6106.39,6106.38,6105.5,6109.34,6110.0,6110.56,6111.0,6111.29,33.72964761,0.016,0.002,2.1,0.06577763,7.39314237,0.1,1.0,0.004,1.63713,"20180628 09:20:23.195102","20180628 09:20:18.666010",1
3,0.0,0.0,6109.33,6108.59,6106.38,6105.5,6105.0,6109.34,6110.0,6110.56,6111.0,6111.29,33.72764761,0.016,2.1,0.06577763,1.0,7.39314237,0.1,1.0,0.004,1.63713,"20180628 09:20:23.366653","20000101 00:00:00.000000",1
15,6109.34,0.16319421,6109.33,6108.73,6108.59,6106.38,6105.5,6109.34,6110.0,6110.56,6111.0,6111.29,33.72964761,0.001,0.016,2.1,0.06577763,7.39314237,0.1,1.0,0.004,1.63713,"20180628 09:20:23.745315","20180628 09:20:18.738582",1
852,6109.34,0.16319421,6109.33,6108.59,6107.73,6107.56,6106.38,6109.34,6110.0,6110.56,6111.0,6111.29,33.71278001,0.016,0.001,0.002,2.1,7.39314237,0.1,1.0,0.004,1.63713,"20180628 09:20:23.907627","20180628 09:20:18.663547",1
113,6109.34,0.16319421,6109.33,6108.59,6107.73,6107.56,6106.73,6109.34,6110.0,6110.56,6111.0,6111.29,33.71278001,0.016,0.001,0.002,0.001,7.39314237,0.1,1.0,0.004,1.63713,"20180628 09:20:23.958487","20180628 09:20:18.923154",1
434,6109.34,0.16319421,6109.33,6108.41,6107.73,6107.56,6106.38,6109.34,6110.0,6110.56,6111.0,6111.29,33.71278001,0.016,0.001,0.002,2.1,7.39314237,0.1,1.0,0.004,1.63713,"20180628 09:20:24.229950","20180628 09:20:18.636880",1
4,0.0,0.0,6109.33,6108.29,6106.39,6106.38,6105.5,6109.34,6110.0,6110.56,6111.0,6111.29,30.38644761,0.016,0.002,2.1,0.06577763,7.39314237,0.1,1.0,0.004,1.63713,"20180628 09:20:25.211985","20000101 00:00:00.000000",1
418,6109.34,0.16319421,6109.33,6108.73,6108.29,6107.56,6106.38,6109.34,6110.0,6110.56,6111.0,6111.29,30.38444761,0.001,0.016,0.002,2.1,7.39314237,0.1,1.0,0.004,1.63713,"20180628 09:20:25.610240","20180628 09:20:18.666010",1
853,6109.34,0.16319421,6109.33,6108.73,6108.29,6107.73,6107.56,6109.34,6110.0,6110.56,6111.0,6111.29,30.38644761,0.001,0.016,0.001,0.002,7.39314237,0.1,1.0,0.004,1.63713,"20180628 09:20:25.814077","20180628 09:20:18.663547",1
114,6109.34,0.16319421,6109.33,6108.73,6108.29,6107.73,6107.56,6109.34,6110.0,6110.56,6111.0,6111.29,30.38644761,0.001,0.016,0.001,0.002,7.39314237,0.1,1.0,0.004,1.63713,"20180628 09:20:25.834608","20180628 09:20:18.923154",1
435,6109.34,0.16319421,6109.33,6108.73,6107.9,6107.73,6107.56,6109.34,6110.0,6110.56,6111.0,6111.29,30.38644761,0.001,0.016,0.001,0.002,7.39314237,0.1,1.0,0.004,1.63713,"20180628 09:20:26.120233","20180628 09:20:18.636880",1
16,6109.34,0.16319421,6109.33,6108.73,6107.9,6107.73,6107.56,6109.34,6110.0,6110.56,6111.0,6111.29,30.38644761,0.001,0.016,0.001,0.002,7.39314237,0.1,1.0,0.004,1.63713,"20180628 09:20:26.164490","20180628 09:20:18.738582",1
5,0.0,0.0,6109.33,6108.73,6107.76,6107.56,6106.38,6109.34,6110.0,6110.56,6111.0,6111.29,30.38644761,0.001,0.016,0.002,2.1,4.89314237,0.1,1.0,0.004,1.63713,"20180628 09:20:27.104848","20000101 00:00:00.000000",1
419,6109.34,0.16319421,6109.33,6108.73,6107.76,6107.56,6106.38,6109.34,6110.0,6110.56,6111.0,6111.29,30.38444761,0.001,0.016,0.002,2.1,7.39314237,0.1,1.0,0.004,1.63713,"20180628 09:20:27.490729","20180628 09:20:18.666010",1
854,6109.34,0.16319421,6109.33,6107.76,6107.56,6106.38,6105.5,6109.34,6110.0,6110.56,6111.0,6111.29,30.38444761,0.016,0.002,2.1,0.06577763,7.39314237,0.1,1.0,0.004,1.63713,"20180628 09:20:27.680129","20180628 09:20:18.663547",1
17,6109.34,0.16319421,6109.33,6107.73,6107.69,6107.56,6106.73,6109.34,6110.0,6110.56,6111.0,6111.29,30.38644761,0.001,0.016,0.002,0.001,7.39314237,0.1,1.0,0.004,1.63713,"20180628 09:20:28.024183","20180628 09:20:18.738582",1
436,6109.34,0.16319421,6109.33,6107.73,6107.69,6107.56,6106.73,6109.34,6110.0,6110.56,6111.0,6111.29,30.38644761,0.001,0.016,0.002,0.001,7.39314237,0.1,1.0,0.004,1.63713,"20180628 09:20:28.031687","20180628 09:20:18.636880",1
115,6109.34,0.16319421,6109.33,6108.73,6107.76,6107.56,6106.38,6109.34,6110.0,6110.56,6111.0,6111.29,30.38444761,0.001,0.016,0.002,2.1,4.89314237,0.1,1.0,0.004,1.63713,"20180628 09:20:28.630828","20180628 09:20:18.923154",1
6,0.0,0.0,6109.33,6107.58,6107.56,6106.38,6105.5,6109.34,6110.0,6110.56,6111.0,6111.29,32.88644761,0.016,0.002,2.1,0.06577763,4.89314237,0.1,1.0,0.004,1.63713,"20180628 09:20:28.986381","20000101 00:00:00.000000",1
437,6109.34,0.16319421,6109.33,6107.58,6107.56,6106.73,6106.38,6109.34,6110.0,6110.56,6111.0,6111.29,34.91972761,0.016,0.002,0.001,2.1,4.89314237,0.1,1.0,0.004,1.63713,"20180628 09:20:29.913755","20180628 09:20:18.636880",1
420,6109.34,0.16319421,6109.33,6107.58,6107.56,6106.73,6106.38,6109.34,6110.0,6110.56,6111.0,6111.29,34.92172761,0.016,0.002,0.001,2.1,4.89314237,0.1,1.0,0.004,1.63713,"20180628 09:20:29.955533","20180628 09:20:18.666010",1
18,6109.34,0.16319421,6109.33,6107.52,6106.38,6105.5,6105.0,6109.34,6110.0,6110.56,6111.0,6111.29,34.91972761,0.016,2.1,0.06577763,1.0,4.89314237,0.1,1.0,0.004,1.63713,"20180628 09:20:30.424738","20180628 09:20:18.738582",1
7,0.0,0.0,6109.33,6108.73,6107.54,6107.52,6106.38,6109.34,6110.0,6110.56,6111.0,6111.29,34.92172761,0.001,0.002,0.016,2.1,4.89314237,0.1,1.0,0.004,1.63713,"20180628 09:20:30.860876","20000101 00:00:00.000000",1
116,6109.34,0.16319421,6109.33,6108.73,6107.73,6107.56,6107.53,6109.34,6110.0,6110.56,6111.0,6111.29,34.92172761,0.001,0.001,0.002,0.016,4.89314237,0.1,1.0,0.004,1.63713,"20180628 09:20:31.017320","20180628 09:20:18.923154",1
855,6109.34,0.16319421,6109.33,6108.73,6107.73,6107.56,6107.53,6109.34,6110.0,6110.56,6111.0,6111.29,34.91972761,0.001,0.001,0.002,0.016,4.89314237,0.1,1.0,0.004,1.63713,"20180628 09:20:31.123564","20180628 09:20:18.663547",1
438,6109.34,0.16319421,6109.33,6107.54,6107.53,6106.38,6105.5,6109.34,6110.0,6110.56,6111.0,6111.29,34.92172761,0.002,0.016,2.1,0.06577763,4.89314237,0.1,1.0,0.004,1.63713,"20180628 09:20:31.832739","20180628 09:20:18.636880",1
421,6109.33,0.00867754,6109.33,6107.58,6107.56,6106.73,6106.38,6109.34,6110.0,6110.56,6111.0,6111.29,34.92172761,0.016,0.002,0.001,2.1,4.89314237,0.1,1.0,0.004,1.63713,"20180628 09:20:29.955533","20180628 09:20:32.079525",2
856,6109.33,0.00867754,6109.33,6108.73,6107.73,6107.56,6107.53,6109.34,6110.0,6110.56,6111.0,6111.29,34.91972761,0.001,0.001,0.002,0.016,4.89314237,0.1,1.0,0.004,1.63713,"20180628 09:20:31.123564","20180628 09:20:32.083485",2
19,6109.33,0.00867754,6109.33,6107.52,6106.38,6105.5,6105.0,6109.34,6110.0,6110.56,6111.0,6111.29,34.91972761,0.016,2.1,0.06577763,1.0,4.89314237,0.1,1.0,0.004,1.63713,"20180628 09:20:30.424738","20180628 09:20:32.115688",2
8,6109.33,0.00867754,6109.33,6108.73,6107.54,6107.52,6106.38,6109.34,6110.0,6110.56,6111.0,6111.29,34.92172761,0.001,0.002,0.016,2.1,4.89314237,0.1,1.0,0.004,1.63713,"20180628 09:20:30.860876","20180628 09:20:32.118190",2
117,6109.33,0.00867754,6109.33,6108.73,6107.73,6107.56,6107.53,6109.34,6110.0,6110.56,6111.0,6111.29,34.92172761,0.001,0.001,0.002,0.016,4.89314237,0.1,1.0,0.004,1.63713,"20180628 09:20:31.017320","20180628 09:20:32.132477",2
20,6109.33,0.00867754,6109.33,6107.55,6107.54,6106.38,6105.5,6109.34,6110.0,6110.56,6111.0,6111.29,34.91105007,0.002,0.016,2.1,0.06577763,4.89314237,0.1,1.0,0.004,1.63713,"20180628 09:20:32.273479","20180628 09:20:32.115688",1
422,6109.33,0.00867754,6109.33,6107.55,6107.54,6106.38,6105.5,6109.34,6110.0,6110.56,6111.0,6111.29,34.91105007,0.002,0.016,2.1,0.06577763,4.89314237,0.1,1.0,0.004,1.63713,"20180628 09:20:32.391653","20180628 09:20:32.079525",1
439,6109.33,0.00867754,6109.33,6107.54,6107.53,6106.38,6105.5,6109.34,6110.0,6110.56,6111.0,6111.29,34.92172761,0.002,0.016,2.1,0.06577763,4.89314237,0.1,1.0,0.004,1.63713,"20180628 09:20:31.832739","20180628 09:20:32.590798",2
118,6109.33,0.00867754,6109.33,6108.73,6107.56,6107.54,6106.73,6109.34,6110.0,6110.56,6111.0,6111.29,34.91105007,0.001,0.002,0.016,0.001,4.90911788,0.1,1.0,0.004,1.63713,"20180628 09:20:32.877257","20180628 09:20:32.132477",1
9,6109.33,0.00867754,6109.33,6108.73,6107.56,6107.47,6106.73,6109.34,6110.0,6110.56,6111.0,6111.29,34.91305007,0.001,0.002,0.016,0.001,4.90911788,0.1,1.0,0.004,1.63713,"20180628 09:20:33.306901","20180628 09:20:32.118190",1
857,6109.33,0.00867754,6109.33,6108.73,6107.56,6107.47,6106.38,6109.34,6110.0,6110.56,6111.0,6111.29,32.87705007,0.001,0.002,0.016,2.1,4.90911788,0.1,1.0,0.004,1.63713,"20180628 09:20:33.511540","20180628 09:20:32.083485",1
440,6109.33,0.00867754,6109.33,6107.48,6107.47,6106.38,6105.5,6109.34,6110.0,6110.56,6111.0,6111.29,34.91105007,0.002,0.016,2.1,0.06577763,4.90911788,0.1,1.0,0.004,1.63713,"20180628 09:20:33.709286","20180628 09:20:32.590798",1
423,6109.33,0.00867754,6109.33,6108.73,6107.55,6107.53,6106.38,6109.34,6110.0,6110.56,6111.0,6111.29,32.41105007,0.001,0.002,0.016,2.1,4.90911788,0.1,1.0,0.004,1.63713,"20180628 09:20:34.314912","20180628 09:20:32.079525",1
21,6109.33,0.00867754,6109.33,6107.73,6107.56,6107.53,6106.73,6109.34,6110.0,6110.56,6111.0,6111.29,34.91128007,0.001,0.002,0.016,0.001,4.90911788,0.1,1.0,0.004,1.63713,"20180628 09:20:34.692275","20180628 09:20:32.115688",1
119,6109.33,0.00867754,6109.33,6107.59,6106.38,6105.5,6105.0,6109.34,6110.0,6110.56,6111.0,6111.29,34.91128007,0.016,2.1,0.06577763,1.0,4.90911788,0.1,1.0,0.004,1.63713,"20180628 09:20:35.333791","20180628 09:20:32.132477",1
441,6109.33,0.00867754,6109.33,6107.59,6106.38,6105.5,6105.0,6109.34,6110.0,6110.56,6111.0,6111.29,34.91128007,0.016,2.1,0.06577763,1.0,4.90911788,0.1,1.0,0.004,1.63713,"20180628 09:20:35.552578","20180628 09:20:32.590798",1
10,6109.33,0.00867754,6109.33,6107.59,6106.38,6105.5,6105.0,6109.34,6110.0,6110.56,6111.0,6111.29,34.91328007,0.016,2.1,0.06577763,1.0,4.90911788,0.1,1.0,0.004,1.63713,"20180628 09:20:35.740855","20180628 09:20:32.118190",1
858,6109.33,0.00867754,6109.33,6108.73,6107.73,6107.59,6107.56,6109.34,6110.0,6110.56,6111.0,6111.29,34.91128007,0.001,0.001,0.016,0.002,4.90911788,0.1,1.0,0.004,1.63713,"20180628 09:20:35.981613","20180628 09:20:32.083485",1
22,6109.33,0.00867754,6109.33,6107.73,6107.59,6107.56,6106.38,6109.34,6110.0,6110.56,6111.0,6111.29,34.91328007,0.001,0.016,0.002,2.1,4.90911788,0.1,1.0,0.004,1.63713,"20180628 09:20:36.586027","20180628 09:20:32.115688",1
424,6109.33,0.00867754,6109.33,6107.73,6107.59,6107.56,6106.38,6109.34,6110.0,6110.56,6111.0,6111.29,34.91328007,0.001,0.016,0.002,2.1,4.90911788,0.1,1.0,0.004,1.63713,"20180628 09:20:36.640176","20180628 09:20:32.079525",1
442,6109.33,0.00867754,6109.33,6108.73,6107.71,6106.38,6105.5,6109.34,6110.0,6110.56,6111.0,6111.29,34.88128007,0.001,0.016,2.1,0.06577763,4.90911788,0.1,1.0,0.004,1.63713,"20180628 09:20:37.456487","20180628 09:20:32.590798",1
859,6109.33,0.00867754,6109.33,6107.71,6107.56,6106.73,6106.38,6109.34,6110.0,6110.56,6111.0,6111.29,34.88128007,0.016,0.002,0.001,2.1,4.90911788,0.1,1.0,0.004,1.63713,"20180628 09:20:37.831619","20180628 09:20:32.083485",1
11,6109.33,0.00867754,6109.33,6108.06,6106.73,6106.38,6105.5,6109.34,6110.0,6110.56,6111.0,6111.29,34.88328007,0.016,0.001,2.1,0.06577763,4.90911788,0.1,1.0,0.004,1.63713,"20180628 09:20:38.174714","20180628 09:20:32.118190",1
23,6109.33,0.00867754,6109.33,6108.06,6107.56,6106.38,6105.5,6109.34,6110.0,6110.56,6111.0,6111.29,34.91128007,0.016,0.002,2.1,0.06577763,4.90911788,0.1,1.0,0.004,1.63713,"20180628 09:20:38.491807","20180628 09:20:32.115688",1
120,6109.33,0.00867754,6109.33,6108.06,6107.56,6106.38,6105.5,6109.34,6110.0,6110.56,6111.0,6111.29,34.88328007,0.016,0.002,2.1,0.06577763,4.90911788,0.1,1.0,0.004,1.63713,"20180628 09:20:38.544165","20180628 09:20:32.132477",1
425,6109.33,0.00867754,6109.33,6108.31,6106.39,6106.38,6105.5,6109.34,6110.0,6110.56,6111.0,6111.29,34.91328007,0.016,0.002,2.1,0.06577763,4.90911788,0.1,1.0,0.004,1.63713,"20180628 09:20:39.058640","20180628 09:20:32.079525",1
12,6109.33,0.00867754,6109.33,6108.09,6107.73,6107.56,6106.73,6109.34,6110.0,6110.56,6111.0,6111.29,34.91328007,0.016,0.001,0.002,0.001,4.90911788,0.1,1.0,0.004,1.63713,"20180628 09:20:40.055432","20180628 09:20:32.118190",1
860,6109.33,0.00867754,6109.33,6108.09,6107.73,6107.56,6106.73,6109.34,6110.0,6110.56,6111.0,6111.29,34.91128007,0.016,0.001,0.002,0.001,4.90911788,0.1,1.0,0.004,1.63713,"20180628 09:20:40.245365","20180628 09:20:32.083485",1
24,6109.33,0.00867754,6109.33,6108.09,6107.73,6107.56,6106.73,6109.34,6110.0,6110.56,6111.0,6111.29,34.91128007,0.016,0.001,0.002,0.001,4.90911788,0.1,1.0,0.004,1.63713,"20180628 09:20:40.357418","20180628 09:20:32.115688",1
121,6109.33,0.00867754,6109.33,6108.09,6107.73,6107.56,6106.73,6109.34,6110.0,6110.56,6111.0,6111.29,34.91128007,0.016,0.001,0.002,0.001,4.90911788,0.1,1.0,0.004,1.63713,"20180628 09:20:40.417247","20180628 09:20:32.132477",1
443,6109.33,0.00867754,6109.33,6108.73,6108.31,6107.73,6107.56,6109.34,6110.0,6110.56,6111.0,6111.29,34.91328007,0.001,0.016,0.001,0.002,4.90911788,0.1,1.0,0.004,1.63713,"20180628 09:20:40.794740","20180628 09:20:32.590798",1
426,6109.33,0.00867754,6109.33,6108.09,6107.56,6106.38,6105.5,6109.34,6110.0,6110.56,6111.0,6111.29,34.91128007,0.016,0.002,2.1,0.06577763,4.90911788,0.1,1.0,0.004,1.63713,"20180628 09:20:40.903547","20180628 09:20:32.079525",1
427,6109.33,0.0425,6109.33,6108.09,6107.56,6106.38,6105.5,6109.34,6110.0,6110.56,6111.0,6111.29,34.91128007,0.016,0.002,2.1,0.06577763,4.90911788,0.1,1.0,0.004,1.63713,"20180628 09:20:40.903547","20180628 09:20:41.672068",2
13,6109.33,0.0425,6109.33,6108.09,6107.73,6107.56,6106.73,6109.34,6110.0,6110.56,6111.0,6111.29,34.91328007,0.016,0.001,0.002,0.001,4.90911788,0.1,1.0,0.004,1.63713,"20180628 09:20:40.055432","20180628 09:20:41.676789",2
444,6109.33,0.0425,6109.33,6108.73,6108.31,6107.73,6107.56,6109.34,6110.0,6110.56,6111.0,6111.29,34.91328007,0.001,0.016,0.001,0.002,4.90911788,0.1,1.0,0.004,1.63713,"20180628 09:20:40.794740","20180628 09:20:41.678335",2
861,6109.33,0.0425,6109.33,6108.09,6107.73,6107.56,6106.73,6109.34,6110.0,6110.56,6111.0,6111.29,34.91128007,0.016,0.001,0.002,0.001,4.90911788,0.1,1.0,0.004,1.63713,"20180628 09:20:40.245365","20180628 09:20:41.679036",2
25,6109.33,0.0425,6109.33,6108.09,6107.73,6107.56,6106.73,6109.34,6110.0,6110.56,6111.0,6111.29,34.91128007,0.016,0.001,0.002,0.001,4.90911788,0.1,1.0,0.004,1.63713,"20180628 09:20:40.357418","20180628 09:20:41.682224",2
122,6109.33,0.0425,6109.33,6108.09,6107.73,6107.56,6106.73,6109.34,6110.0,6110.56,6111.0,6111.29,34.91128007,0.016,0.001,0.002,0.001,4.90911788,0.1,1.0,0.004,1.63713,"20180628 09:20:40.417247","20180628 09:20:41.698818",2
14,6109.33,0.0425,6109.33,6108.07,6107.73,6107.56,6106.73,6109.34,6110.0,6110.56,6111.0,6111.29,34.86878007,0.016,0.001,0.002,0.001,4.90911788,0.1,1.0,0.004,1.63713,"20180628 09:20:41.948993","20180628 09:20:41.676789",1
862,6109.33,0.0425,6109.33,6107.97,6107.73,6107.56,6106.38,6109.34,6110.0,6110.56,6111.0,6111.29,34.86878007,0.016,0.001,0.002,2.1,4.90911788,0.1,1.0,0.004,1.63713,"20180628 09:20:42.122224","20180628 09:20:41.679036",1
123,6109.33,0.0425,6109.33,6107.97,6107.73,6107.56,6106.38,6109.34,6110.0,6110.56,6111.0,6111.29,34.87078007,0.016,0.001,0.002,2.1,4.90911788,0.1,1.0,0.004,1.63713,"20180628 09:20:42.305182","20180628 09:20:41.698818",1
428,6109.33,0.0425,6109.33,6107.97,6107.73,6107.56,6106.38,6109.34,6110.0,6110.56,6111.0,6111.29,34.87078007,0.016,0.001,0.002,2.1,4.90911788,0.1,1.0,0.004,1.63713,"20180628 09:20:42.773056","20180628 09:20:41.672068",1
26,6109.33,0.0425,6109.33,6107.97,6107.73,6107.56,6106.38,6109.34,6110.0,6110.56,6111.0,6111.29,34.87078007,0.016,0.001,0.002,2.1,4.90911788,0.1,1.0,0.004,1.63713,"20180628 09:20:42.791651","20180628 09:20:41.682224",1
445,6109.33,0.0425,6109.33,6107.94,6106.41,6106.38,6105.5,6109.34,6110.0,6110.56,6111.0,6111.29,34.86878007,0.016,0.002,2.1,0.06577763,4.90911788,0.1,1.0,0.004,1.63713,"20180628 09:20:43.202751","20180628 09:20:41.678335",1
863,6109.33,0.0425,6109.33,6107.93,6107.73,6107.5,6106.73,6109.34,6110.0,6110.56,6111.0,6111.29,32.83278007,0.016,0.001,0.002,0.001,5.68886258,0.1,1.0,0.004,1.63713,"20180628 09:20:44.007347","20180628 09:20:41.679036",1
429,6109.33,0.0425,6109.33,6107.93,6107.73,6106.38,6105.5,6109.34,6110.0,6110.56,6111.0,6111.29,34.86878007,0.016,0.001,2.1,0.06577763,5.68886258,0.1,1.0,0.004,1.63713,"20180628 09:20:44.628093","20180628 09:20:41.672068",1
124,6109.33,0.0425,6109.33,6107.93,6107.73,6106.38,6105.5,6109.34,6110.0,6110.56,6111.0,6111.29,34.86878007,0.016,0.001,2.1,0.06577763,5.68886258,0.1,1.0,0.004,1.63713,"20180628 09:20:44.696665","20180628 09:20:41.698818",1
15,6109.33,0.0425,6109.33,6107.93,6107.73,6106.38,6105.5,6109.34,6110.0,6110.56,6111.0,6111.29,34.86878007,0.016,0.001,2.1,0.06577763,5.68886258,0.1,1.0,0.004,1.63713,"20180628 09:20:44.813716","20180628 09:20:41.676789",1
446,6109.33,0.0425,6109.33,6107.91,6106.38,6105.5,6105.0,6109.34,6110.0,6110.56,6111.0,6111.29,34.87078007,0.016,2.1,0.06577763,1.0,5.68886258,0.1,1.0,0.004,1.63713,"20180628 09:20:45.066206","20180628 09:20:41.678335",1
27,6109.33,0.0425,6109.33,6107.93,6107.73,6106.38,6105.5,6109.34,6110.0,6110.56,6111.0,6111.29,34.86878007,0.016,0.001,2.1,0.06577763,5.68886258,0.1,1.0,0.004,1.63713,"20180628 09:20:45.773419","20180628 09:20:41.682224",1
864,6109.33,0.0425,6109.33,6108.73,6107.91,6107.73,6107.33,6109.34,6110.0,6110.56,6111.0,6111.29,34.85828007,0.001,0.016,0.001,0.002,5.68886258,0.105,1.0,0.004,1.63713,"20180628 09:20:45.918188","20180628 09:20:41.679036",1
125,6109.33,0.0425,6109.33,6107.91,6107.73,6107.33,6106.38,6109.34,6110.0,6110.56,6111.0,6111.29,34.85828007,0.016,0.001,0.002,2.1,5.68886258,0.105,1.0,0.004,1.63713,"20180628 09:20:46.576866","20180628 09:20:41.698818",1
16,6109.33,0.0425,6109.33,6107.91,6107.73,6107.33,6106.38,6109.34,6110.0,6110.56,6111.0,6111.29,34.85828007,0.016,0.001,0.002,2.1,5.68886258,0.105,1.0,0.004,1.63713,"20180628 09:20:46.675622","20180628 09:20:41.676789",1
430,6109.33,0.0425,6109.33,6107.99,6107.73,6106.38,6105.5,6109.34,6110.0,6110.56,6111.0,6111.29,32.82028007,0.016,0.001,2.1,0.06577763,5.68886258,0.105,1.0,0.004,1.63713,"20180628 09:20:47.051528","20180628 09:20:41.672068",1
28,6109.33,0.0425,6109.33,6108.73,6107.99,6107.25,6106.38,6109.34,6110.0,6110.56,6111.0,6111.29,34.85828007,0.001,0.016,0.002,2.1,5.68886258,0.105,1.0,0.004,1.63713,"20180628 09:20:47.623978","20180628 09:20:41.682224",1
447,6109.33,0.0425,6109.33,6107.99,6107.25,6106.38,6105.5,6109.34,6110.0,6110.56,6111.0,6111.29,34.85628007,0.016,0.002,2.1,0.06577763,5.68886258,0.105,1.0,0.004,1.63713,"20180628 09:20:47.776504","20180628 09:20:41.678335",1
865,6109.33,0.0425,6109.33,6108.73,6107.99,6107.73,6107.25,6109.34,6110.0,6110.56,6111.0,6111.29,34.85828007,0.001,0.016,0.001,0.002,5.68886258,0.105,1.0,0.004,1.63713,"20180628 09:20:47.800105","20180628 09:20:41.679036",1
431,6109.33,0.0425,6109.33,6108.73,6108.07,6107.16,6106.38,6109.34,6110.0,6110.56,6111.0,6111.29,34.85828007,0.001,0.016,0.002,2.1,5.68886258,0.105,1.0,0.004,1.63713,"20180628 09:20:48.932840","20180628 09:20:41.672068",1
126,6109.33,0.0425,6109.33,6108.73,6108.07,6107.16,6106.38,6109.34,6110.0,6110.56,6111.0,6111.29,34.85828007,0.001,0.016,0.002,2.1,5.68886258,0.105,1.0,0.004,1.63713,"20180628 09:20:48.963678","20180628 09:20:41.698818",1
17,6109.33,0.0425,6109.33,6108.09,6106.38,6105.5,6105.0,6109.34,6110.0,6110.56,6111.0,6111.29,34.85628007,0.016,2.1,0.06577763,1.0,5.68886258,0.105,1.0,0.004,1.63713,"20180628 09:20:49.567276","20180628 09:20:41.676789",1
448,6109.33,0.0425,6109.33,6108.09,6107.73,6106.39,6106.38,6109.34,6110.0,6110.56,6111.0,6111.29,34.85828007,0.016,0.001,0.002,2.1,5.68886258,0.105,1.0,0.004,1.63713,"20180628 09:20:49.815420","20180628 09:20:41.678335",1
29,6109.33,0.0425,6109.33,6108.09,6106.38,6105.5,6105.0,6109.34,6110.0,6110.56,6111.0,6111.29,34.85628007,0.016,2.1,0.06577763,1.0,5.68886258,0.105,1.0,0.004,1.63713,"20180628 09:20:50.114313","20180628 09:20:41.682224",1
866,6109.33,0.0425,6109.33,6108.09,6107.08,6106.38,6105.5,6109.34,6110.0,6110.56,6111.0,6111.29,34.85628007,0.016,0.002,2.1,0.06577763,5.68886258,0.105,1.0,0.004,1.63713,"20180628 09:20:50.229797","20180628 09:20:41.679036",1
432,6109.33,0.0425,6109.33,6108.09,6106.41,6106.38,6105.5,6109.34,6110.0,6110.56,6111.0,6111.29,34.85828007,0.016,0.002,2.1,0.06577763,5.68886258,0.105,1.0,0.004,1.63713,"20180628 09:20:50.802005","20180628 09:20:41.672068",1
127,6109.33,0.0425,6109.33,6108.09,6106.38,6105.5,6105.0,6109.34,6110.0,6110.56,6111.0,6111.29,34.85828007,0.016,2.1,0.06577763,1.0,5.68886258,0.105,1.0,0.004,1.63713,"20180628 09:20:50.834415","20180628 09:20:41.698818",1
449,6109.33,0.0425,6109.33,6108.73,6108.1,6107.73,6106.93,6109.34,6110.0,6110.56,6111.0,6111.29,34.82628007,0.001,0.016,0.001,0.002,5.68886258,0.105,1.0,0.004,1.63713,"20180628 09:20:51.712485","20180628 09:20:41.678335",1
18,6109.33,0.0425,6109.33,6108.73,6108.1,6107.73,6106.93,6109.34,6110.0,6110.56,6111.0,6111.29,34.82828007,0.001,0.016,0.001,0.002,5.68886258,0.105,1.0,0.004,1.63713,"20180628 09:20:51.957044","20180628 09:20:41.676789",1
30,6109.33,0.0425,6109.33,6108.73,6108.15,6106.38,6105.5,6109.34,6110.0,6110.56,6111.0,6111.29,34.82628007,0.001,0.016,2.1,0.06577763,5.68886258,0.105,1.0,0.004,1.63713,"20180628 09:20:52.493033","20180628 09:20:41.682224",1
433,6109.33,0.0425,6109.33,6108.73,6108.15,6106.85,6106.38,6109.34,6110.0,6110.56,6111.0,6111.29,34.82828007,0.001,0.016,0.002,2.1,5.68886258,0.105,1.0,0.004,1.63713,"20180628 09:20:52.679229","20180628 09:20:41.672068",1
867,6109.33,0.0425,6109.33,6109.32,6108.73,6108.13,6107.73,6109.34,6110.0,6110.56,6111.0,6111.29,32.32828007,0.03,0.001,0.016,0.001,5.68886258,0.105,1.0,0.004,1.63713,"20180628 09:20:53.726989","20180628 09:20:41.679036",1
19,6109.33,0.0425,6109.33,6109.32,6108.73,6108.13,6107.73,6109.34,6110.0,6110.56,6111.0,6111.29,32.32928007,0.03,0.001,0.016,0.001,5.68886258,0.105,1.0,0.004,1.63713,"20180628 09:20:53.840705","20180628 09:20:41.676789",1
450,6109.33,0.0425,6109.33,6109.32,6108.12,6106.77,6106.73,6109.34,6110.0,6110.56,6111.0,6111.29,32.32728007,0.03,0.016,0.002,0.001,5.68886258,0.105,1.0,0.004,1.63713,"20180628 09:20:54.100713","20180628 09:20:41.678335",1
128,6109.33,0.0425,6109.33,6109.32,6108.12,6106.77,6106.38,6109.34,6110.0,6110.56,6111.0,6111.29,32.32728007,0.03,0.016,0.002,2.1,8.18886258,0.105,1.0,0.004,1.63713,"20180628 09:20:54.254208","20180628 09:20:41.698818",1
31,6109.33,0.0425,6109.33,6109.32,6108.12,6106.77,6106.38,6109.34,6110.0,6110.56,6111.0,6111.29,32.32728007,0.03,0.016,0.002,2.1,8.18886258,0.105,1.0,0.004,1.63713,"20180628 09:20:54.364743","20180628 09:20:41.682224",1
434,6109.33,0.0425,6109.33,6109.32,6108.12,6106.77,6106.38,6109.34,6110.0,6110.56,6111.0,6111.29,32.32928007,0.03,0.016,0.002,2.1,8.18886258,0.105,1.0,0.004,1.63713,"20180628 09:20:54.556749","20180628 09:20:41.672068",1
868,6109.33,0.0425,6109.33,6109.32,6108.22,6107.73,6106.73,6109.34,6110.0,6110.56,6111.0,6111.29,32.32728007,0.03,0.016,0.001,0.001,8.18886258,0.105,1.0,0.004,1.63713,"20180628 09:20:55.565066","20180628 09:20:41.679036",1
20,6109.33,0.0425,6109.33,6109.32,6108.22,6107.73,6106.73,6109.34,6110.0,6110.56,6111.0,6112.65,32.32728007,0.03,0.016,0.001,0.001,5.68886258,0.105,1.0,0.004,0.00122684,"20180628 09:20:55.707946","20180628 09:20:41.676789",1
129,6109.33,0.0425,6109.33,6109.32,6108.18,6107.73,6106.62,6109.34,6110.0,6110.56,6111.0,6112.65,32.32728007,0.03,0.016,0.001,0.002,9.82537258,0.105,1.0,0.004,0.00122684,"20180628 09:20:56.587803","20180628 09:20:41.698818",1
32,6109.33,0.0425,6109.33,6109.32,6108.18,6107.73,6106.62,6109.34,6110.0,6110.56,6111.0,6112.65,32.32928007,0.03,0.016,0.001,0.002,9.82537258,0.105,1.0,0.004,0.00122684,"20180628 09:20:56.785280","20180628 09:20:41.682224",1
451,6109.33,0.0425,6109.33,6109.32,6108.22,6107.73,6106.73,6109.34,6110.0,6110.56,6111.0,6112.65,32.32928007,0.03,0.016,0.001,0.001,9.82558258,0.105,1.0,0.004,0.00122684,"20180628 09:20:56.910421","20180628 09:20:41.678335",1
435,6109.33,0.0425,6109.33,6109.32,6108.18,6106.62,6106.38,6109.34,6110.0,6110.56,6111.0,6112.65,32.32928007,0.03,0.016,0.002,2.1,9.82537258,0.105,1.0,0.004,0.00122684,"20180628 09:20:56.919890","20180628 09:20:41.672068",1
869,6109.33,0.0425,6109.33,6109.32,6108.73,6108.18,6107.73,6109.34,6110.0,6110.56,6111.0,6112.65,32.32728007,0.03,0.001,0.016,0.001,7.32537258,0.105,1.0,0.004,0.00122684,"20180628 09:20:57.415312","20180628 09:20:41.679036",1
21,6109.33,0.0425,6109.33,6109.32,6108.18,6107.73,6106.73,6109.34,6110.0,6110.56,6111.0,6112.65,32.32728007,0.03,0.016,0.001,0.001,7.32537258,0.105,1.0,0.004,0.00122684,"20180628 09:20:57.595320","20180628 09:20:41.676789",1
130,6109.33,0.0425,6109.33,6109.32,6108.15,6106.47,6106.38,6109.34,6110.0,6110.56,6111.0,6112.65,34.82517247,0.03,0.016,0.002,2.1,7.32537258,0.105,1.0,0.004,0.00122684,"20180628 09:20:58.464565","20180628 09:20:41.698818",1
452,6109.33,0.0425,6109.33,6109.32,6108.15,6106.47,6106.38,6109.34,6110.0,6110.56,6111.0,6112.65,34.82717247,0.03,0.016,0.002,2.1,7.32537258,0.105,1.0,0.004,0.00122684,"20180628 09:20:58.763388","20180628 09:20:41.678335",1
436,6109.33,0.0425,6109.33,6109.32,6108.15,6106.47,6106.38,6109.34,6110.0,6110.56,6111.0,6112.65,32.32717247,0.03,0.016,0.002,2.1,7.32537258,0.105,1.0,0.004,0.00122684,"20180628 09:20:58.801238","20180628 09:20:41.672068",1
870,6109.33,0.0425,6109.33,6109.32,6108.16,6106.39,6106.38,6109.34,6110.0,6110.56,6111.0,6112.65,34.82754007,0.03,0.016,0.002,2.1,7.32537258,0.105,1.0,0.004,0.00122684,"20180628 09:20:59.291492","20180628 09:20:41.679036",1
33,6109.33,0.0425,6109.33,6109.32,6108.15,6106.47,6106.38,6109.34,6110.0,6110.56,6111.0,6112.65,34.82517247,0.03,0.016,0.002,2.1,7.32537258,0.105,1.0,0.004,0.00122684,"20180628 09:20:59.578905","20180628 09:20:41.682224",1
22,6109.33,0.0425,6109.33,6109.32,6108.73,6108.16,6106.38,6109.34,6110.0,6110.56,6111.0,6112.65,34.81504007,0.03,0.001,0.016,2.1,7.32537258,0.105,1.0,0.004,0.00122684,"20180628 09:21:00.024027","20180628 09:20:41.676789",1
131,6109.33,0.0425,6109.33,6109.32,6108.16,6107.73,6106.73,6109.34,6110.0,6110.56,6111.0,6112.65,34.81504007,0.03,0.016,0.001,0.001,7.32537258,0.105,1.0,0.004,0.00122684,"20180628 09:21:00.325496","20180628 09:20:41.698818",1
453,6109.33,0.0425,6109.33,6109.32,6108.16,6107.73,6106.73,6109.34,6110.0,6110.56,6111.0,6112.65,34.81504007,0.03,0.016,0.001,0.001,7.32537258,0.105,1.0,0.004,0.00122684,"20180628 09:21:00.634543","20180628 09:20:41.678335",1
437,6109.33,0.0425,6109.33,6109.32,6108.16,6107.73,6106.73,6109.34,6110.0,6110.56,6111.0,6112.65,34.81504007,0.03,0.016,0.001,0.001,7.32537258,0.105,1.0,0.004,0.00122684,"20180628 09:21:00.677630","20180628 09:20:41.672068",1
871,6109.33,0.0425,6109.33,6109.32,6108.0,6106.73,6106.38,6109.34,6110.0,6110.56,6111.0,6112.65,34.81704007,0.03,0.016,0.001,2.1,7.32537258,0.105,1.0,0.004,0.00122684,"20180628 09:21:01.169172","20180628 09:20:41.679036",1
34,6109.33,0.0425,6109.33,6109.32,6108.0,6106.38,6106.25,6109.34,6110.0,6110.56,6111.0,6112.65,34.81504007,0.03,0.016,2.1,0.002,7.32537258,0.105,1.0,0.004,0.00122684,"20180628 09:21:01.517201","20180628 09:20:41.682224",1
23,6109.33,0.0425,6109.33,6109.32,6108.73,6108.0,6106.38,6109.34,6110.0,6110.56,6111.0,6112.65,34.81704007,0.03,0.001,0.016,2.1,7.32537258,0.105,1.0,0.004,0.00122684,"20180628 09:21:01.894236","20180628 09:20:41.676789",1
454,6109.33,0.0425,6109.33,6109.32,6107.94,6107.73,6106.73,6109.34,6110.0,6110.56,6111.0,6112.65,34.81504007,0.03,0.016,0.001,0.001,7.32537258,0.105,1.0,0.004,0.00122684,"20180628 09:21:02.546358","20180628 09:20:41.678335",1
438,6109.33,0.0425,6109.33,6109.32,6107.94,6107.73,6106.73,6109.34,6110.0,6110.56,6111.0,6112.65,34.81504007,0.03,0.016,0.001,0.001,7.32537258,0.105,1.0,0.004,0.00122684,"20180628 09:21:02.580261","20180628 09:20:41.672068",1
872,6109.33,0.0425,6109.33,6109.32,6107.93,6107.73,6106.38,6109.34,6110.0,6110.56,6111.0,6112.65,34.81704007,0.03,0.016,0.001,2.1,7.32537258,0.105,1.0,0.004,0.00122684,"20180628 09:21:03.045184","20180628 09:20:41.679036",1
132,6109.33,0.0425,6109.33,6109.32,6107.93,6106.38,6106.1,6109.34,6110.0,6110.56,6111.0,6112.65,34.81504007,0.03,0.016,2.1,0.002,7.32537258,0.105,1.0,0.004,0.00122684,"20180628 09:21:03.236833","20180628 09:20:41.698818",1
35,6109.33,0.0425,6109.33,6109.32,6107.93,6106.38,6106.1,6109.34,6110.0,6110.56,6111.0,6112.65,34.81504007,0.03,0.016,2.1,0.002,7.32537258,0.105,1.0,0.004,0.00122684,"20180628 09:21:04.223041","20180628 09:20:41.682224",1
24,6109.33,0.0425,6109.33,6109.32,6107.92,6106.73,6106.38,6109.34,6110.0,6110.56,6111.0,6112.65,34.81504007,0.03,0.016,0.001,2.1,7.32537258,0.105,1.0,0.004,0.00122684,"20180628 09:21:04.326470","20180628 09:20:41.676789",1
455,6109.33,0.0425,6109.33,6109.32,6107.92,6106.38,6106.03,6109.34,6110.0,6110.56,6111.0,6112.65,34.81504007,0.03,0.016,2.1,0.002,7.32537258,0.105,1.0,0.004,0.00122684,"20180628 09:21:04.394083","20180628 09:20:41.678335",1
439,6109.33,0.0425,6109.33,6109.32,6107.92,6106.38,6106.03,6109.34,6110.0,6110.56,6111.0,6112.65,34.81504007,0.03,0.016,2.1,0.002,7.32537258,0.105,1.0,0.004,0.00122684,"20180628 09:21:04.482721","20180628 09:20:41.672068",1
873,6109.33,0.0425,6109.33,6109.32,6107.92,6106.38,6106.03,6109.34,6110.0,6110.56,6111.0,6112.65,34.81504007,0.03,0.016,2.1,0.002,7.32537258,0.105,1.0,0.004,0.00122684,"20180628 09:21:04.925595","20180628 09:20:41.679036",1
133,6109.33,0.0425,6109.33,6109.32,6107.87,6106.38,6106.03,6109.34,6110.0,6110.56,6111.0,6112.65,34.81504007,0.03,0.016,2.1,0.002,7.32537258,0.105,1.0,0.004,0.00122684,"20180628 09:21:05.109528","20180628 09:20:41.698818",1
36,6109.33,0.0425,6109.33,6108.73,6107.84,6107.73,6106.38,6109.34,6110.0,6110.56,6111.0,6112.65,34.81504007,0.001,0.016,0.001,2.1,7.32537258,0.105,1.0,0.004,0.00122684,"20180628 09:21:06.076799","20180628 09:20:41.682224",1
456,6109.33,0.0425,6109.33,6107.84,6107.73,6106.73,6106.38,6109.34,6110.0,6110.56,6111.0,6112.65,34.81704007,0.016,0.001,0.001,2.1,7.32537258,0.105,1.0,0.004,0.00122684,"20180628 09:21:06.252150","20180628 09:20:41.678335",1
440,6109.33,0.0425,6109.33,6107.84,6107.73,6106.73,6106.38,6109.34,6110.0,6110.56,6111.0,6112.65,34.81704007,0.016,0.001,0.001,2.1,7.32537258,0.105,1.0,0.004,0.00122684,"20180628 09:21:06.377188","20180628 09:20:41.672068",1
25,6109.33,0.0425,6109.33,6107.84,6106.38,6105.96,6105.5,6109.34,6110.0,6110.56,6111.0,6112.65,34.81504007,0.016,2.1,0.002,0.06577763,7.32537258,0.105,1.0,0.004,0.00122684,"20180628 09:21:06.730214","20180628 09:20:41.676789",1
874,6109.33,0.0425,6109.33,6107.84,6106.38,6105.5,6105.0,6109.34,6110.0,6110.56,6111.0,6112.65,34.81504007,0.016,2.1,0.06577763,1.0,7.32537258,0.105,1.0,0.004,0.00122684,"20180628 09:21:06.800647","20180628 09:20:41.679036",1
134,6109.33,0.0425,6109.33,6107.84,6106.38,6105.89,6105.5,6109.34,6110.0,6110.56,6111.0,6112.65,34.81704007,0.016,2.1,0.002,0.06577763,7.32537258,0.105,1.0,0.004,0.00122684,"20180628 09:21:06.991121","20180628 09:20:41.698818",1
37,6109.33,0.0425,6109.33,6107.84,6107.73,6106.38,6105.5,6109.34,6110.0,6110.56,6111.0,6112.65,34.81704007,0.016,0.001,2.1,0.06577763,7.32537258,0.105,1.0,0.004,0.00122684,"20180628 09:21:07.965856","20180628 09:20:41.682224",1
457,6109.33,0.0425,6109.33,6107.83,6107.73,6106.73,6106.38,6109.34,6110.0,6110.56,6111.0,6112.65,34.81504007,0.016,0.001,0.001,2.1,7.32537258,0.105,1.0,0.004,0.00122684,"20180628 09:21:08.124749","20180628 09:20:41.678335",1
441,6109.33,0.0425,6109.33,6107.83,6107.73,6106.73,6106.38,6109.34,6110.0,6110.56,6111.0,6112.65,34.81504007,0.016,0.001,0.001,2.1,7.32537258,0.105,1.0,0.004,0.00122684,"20180628 09:21:08.268671","20180628 09:20:41.672068",1
26,6109.33,0.0425,6109.33,6107.83,6106.38,6105.82,6105.5,6109.34,6110.0,6110.56,6111.0,6112.65,34.81504007,0.016,2.1,0.002,0.06577763,7.32537258,0.105,1.0,0.004,0.00122684,"20180628 09:21:08.598292","20180628 09:20:41.676789",1
135,6109.33,0.0425,6109.33,6107.83,6106.38,6105.82,6105.5,6109.34,6110.0,6110.56,6111.0,6112.65,34.81504007,0.016,2.1,0.002,0.06577763,7.32537258,0.105,1.0,0.004,0.00122684,"20180628 09:21:08.851531","20180628 09:20:41.698818",1
875,6109.33,0.0425,6109.33,6107.83,6106.38,6105.5,6105.0,6109.34,6110.0,6110.56,6111.0,6112.65,34.81504007,0.016,2.1,0.06577763,1.0,7.32537258,0.105,1.0,0.004,0.00122684,"20180628 09:21:09.165531","20180628 09:20:41.679036",1
458,6109.33,0.0425,6109.33,6107.83,6107.73,6106.38,6105.76,6109.34,6110.0,6110.56,6111.0,6112.65,34.81504007,0.016,0.001,2.1,0.002,7.32537258,0.105,1.0,0.004,0.00122684,"20180628 09:21:09.994016","20180628 09:20:41.678335",1
442,6109.33,0.0425,6109.33,6107.85,6107.73,6106.38,6105.69,6109.34,6110.0,6110.56,6111.0,6112.65,34.81504007,0.016,0.001,2.1,0.002,7.32537258,0.105,1.0,0.004,0.00122684,"20180628 09:21:10.110101","20180628 09:20:41.672068",1
38,6109.33,0.0425,6109.33,6107.85,6106.38,6105.69,6105.5,6109.34,6110.0,6110.56,6111.0,6112.65,34.81504007,0.016,2.1,0.002,0.06577763,7.32537258,0.105,1.0,0.004,0.00122684,"20180628 09:21:10.372862","20180628 09:20:41.682224",1
27,6109.33,0.0425,6109.33,6107.85,6106.38,6105.69,6105.5,6109.34,6110.0,6110.56,6111.0,6112.65,34.81504007,0.016,2.1,0.002,0.06577763,7.32537258,0.105,1.0,0.004,0.00122684,"20180628 09:21:10.464005","20180628 09:20:41.676789",1
136,6109.33,0.0425,6109.33,6107.85,6106.38,6105.69,6105.5,6109.34,6110.0,6110.56,6111.0,6112.65,34.81704007,0.016,2.1,0.002,0.06577763,7.32537258,0.105,1.0,0.004,0.00122684,"20180628 09:21:10.705629","20180628 09:20:41.698818",1
876,6109.33,0.0425,6109.33,6108.73,6107.89,6106.38,6105.5,6109.34,6110.0,6110.56,6111.0,6112.65,34.81504007,0.001,0.016,2.1,0.06577763,7.32537258,0.105,1.0,0.004,0.00122684,"20180628 09:21:11.032149","20180628 09:20:41.679036",1
459,6109.33,0.0425,6109.33,6107.89,6106.73,6106.38,6105.62,6109.34,6110.0,6110.56,6111.0,6112.65,34.81504007,0.016,0.001,2.1,0.002,7.32537258,0.105,1.0,0.004,0.00122684,"20180628 09:21:11.837464","20180628 09:20:41.678335",1
443,6109.33,0.0425,6109.33,6107.89,6106.73,6106.38,6105.62,6109.34,6110.0,6110.56,6111.0,6112.65,34.81504007,0.016,0.001,2.1,0.002,7.32537258,0.105,1.0,0.004,0.00122684,"20180628 09:21:11.982874","20180628 09:20:41.672068",1
39,6109.33,0.0425,6109.33,6107.76,6106.38,6105.55,6105.5,6109.34,6110.0,6110.56,6111.0,6112.65,34.81704007,0.016,2.1,0.002,0.06577763,7.32537258,0.105,1.0,0.004,0.00122684,"20180628 09:21:12.215756","20180628 09:20:41.682224",1
28,6109.33,0.0425,6109.33,6107.76,6106.38,6105.55,6105.5,6109.34,6110.0,6110.56,6111.0,6112.65,34.81704007,0.016,2.1,0.002,0.06577763,7.32537258,0.105,1.0,0.004,0.00122684,"20180628 09:21:12.330566","20180628 09:20:41.676789",1
137,6109.33,0.0425,6109.33,6107.76,6106.38,6105.55,6105.5,6109.34,6110.0,6110.56,6111.0,6112.65,34.81704007,0.016,2.1,0.002,0.06577763,7.32537258,0.105,1.0,0.004,0.00122684,"20180628 09:21:12.537931","20180628 09:20:41.698818",1
877,6109.33,0.0425,6109.33,6108.73,6107.76,6106.38,6105.55,6109.34,6110.0,6110.56,6111.0,6112.65,34.81504007,0.001,0.016,2.1,0.002,7.32537258,0.105,1.0,0.004,0.00122684,"20180628 09:21:12.911590","20180628 09:20:41.679036",1
460,6109.33,0.0425,6109.33,6108.73,6107.64,6106.73,6106.38,6109.34,6110.0,6110.56,6111.0,6112.65,34.81704007,0.001,0.016,0.001,2.1,7.32537258,0.105,1.0,0.004,0.00122684,"20180628 09:21:13.667482","20180628 09:20:41.678335",1
40,6109.33,0.0425,6109.33,6107.61,6106.73,6106.38,6105.5,6109.34,6110.0,6110.56,6111.0,6112.65,34.81504007,0.016,0.001,2.1,0.06577763,7.32537258,0.105,1.0,0.004,0.00122684,"20180628 09:21:14.066973","20180628 09:20:41.682224",1
29,6109.33,0.0425,6109.33,6107.61,6106.73,6106.38,6105.5,6109.34,6110.0,6110.56,6111.0,6112.65,34.81504007,0.016,0.001,2.1,0.06577763,7.32537258,0.105,1.0,0.004,0.00122684,"20180628 09:21:14.232357","20180628 09:20:41.676789",1
138,6109.33,0.0425,6109.33,6107.61,6106.73,6106.38,6105.5,6109.34,6110.0,6110.56,6111.0,6112.65,34.25504007,0.016,0.001,2.1,0.06577763,7.41537258,0.105,1.0,0.004,0.00122684,"20180628 09:21:14.358091","20180628 09:20:41.698818",1
444,6109.33,0.0425,6109.33,6107.6,6106.38,6105.5,6105.42,6109.34,6110.0,6110.56,6111.0,6112.65,34.25504007,0.016,2.1,0.06577763,0.002,7.41537258,0.105,1.0,0.004,0.00122684,"20180628 09:21:15.122664","20180628 09:20:41.672068",1
878,6109.33,0.0425,6109.33,6107.73,6107.6,6106.38,6105.5,6109.34,6110.0,6110.56,6111.0,6112.65,34.25504007,0.001,0.016,2.1,0.06577763,7.41537258,0.105,1.0,0.004,0.00122684,"20180628 09:21:15.134719","20180628 09:20:41.679036",1
461,6109.33,0.0425,6109.33,6107.73,6107.6,6106.38,6105.5,6109.34,6110.0,6110.56,6111.0,6112.65,34.25704007,0.001,0.016,2.1,0.06577763,7.41537258,0.105,1.0,0.004,0.00122684,"20180628 09:21:15.509779","20180628 09:20:41.678335",1
30,6109.33,0.4033,6109.33,6107.61,6106.73,6106.38,6105.5,6109.34,6110.0,6110.56,6111.0,6112.65,34.81504007,0.016,0.001,2.1,0.06577763,7.32537258,0.105,1.0,0.004,0.00122684,"20180628 09:21:14.232357","20180628 09:21:15.960654",2
445,6109.33,0.4033,6109.33,6107.6,6106.38,6105.5,6105.42,6109.34,6110.0,6110.56,6111.0,6112.65,34.25504007,0.016,2.1,0.06577763,0.002,7.41537258,0.105,1.0,0.004,0.00122684,"20180628 09:21:15.122664","20180628 09:21:15.966327",2
879,6109.33,0.4033,6109.33,6107.73,6107.6,6106.38,6105.5,6109.34,6110.0,6110.56,6111.0,6112.65,34.25504007,0.001,0.016,2.1,0.06577763,7.41537258,0.105,1.0,0.004,0.00122684,"20180628 09:21:15.134719","20180628 09:21:15.972779",2
462,6109.33,0.4033,6109.33,6107.73,6107.6,6106.38,6105.5,6109.34,6110.0,6110.56,6111.0,6112.65,34.25704007,0.001,0.016,2.1,0.06577763,7.41537258,0.105,1.0,0.004,0.00122684,"20180628 09:21:15.509779","20180628 09:21:15.981658",2
139,6109.33,0.4033,6109.33,6107.61,6106.73,6106.38,6105.5,6109.34,6110.0,6110.56,6111.0,6112.65,34.25504007,0.016,0.001,2.1,0.06577763,7.41537258,0.105,1.0,0.004,0.00122684,"20180628 09:21:14.358091","20180628 09:21:15.983129",2
41,6109.33,0.4033,6109.33,6107.61,6106.73,6106.38,6105.5,6109.34,6110.0,6110.56,6111.0,6112.65,34.81504007,0.016,0.001,2.1,0.06577763,7.32537258,0.105,1.0,0.004,0.00122684,"20180628 09:21:14.066973","20180628 09:21:16.129572",2
31,6109.33,0.4033,6109.33,6107.6,6106.38,6105.5,6105.36,6109.34,6110.0,6110.56,6111.0,6112.65,31.81574007,0.016,2.1,0.06577763,0.002,7.43951981,0.105,1.0,0.004,0.00122684,"20180628 09:21:16.189196","20180628 09:21:15.960654",1
140,6109.33,0.4033,6109.33,6107.6,6106.38,6105.5,6105.36,6109.34,6110.0,6110.56,6111.0,6112.65,31.81574007,0.016,2.1,0.06577763,0.002,7.43951981,0.105,1.0,0.004,0.00122684,"20180628 09:21:16.235922","20180628 09:21:15.983129",1
446,6109.33,0.4033,6109.33,6107.6,6106.38,6105.5,6105.29,6109.34,6110.0,6110.56,6111.0,6112.65,31.81574007,0.016,2.1,0.06577763,0.002,7.43951981,0.105,1.0,0.004,0.00122684,"20180628 09:21:16.963747","20180628 09:21:15.966327",1
880,6109.33,0.4033,6109.33,6107.6,6106.38,6105.5,6105.29,6109.34,6110.0,6110.56,6111.0,6112.65,31.81574007,0.016,2.1,0.06577763,0.002,7.43951981,0.105,1.0,0.004,0.00122684,"20180628 09:21:17.030888","20180628 09:21:15.972779",1
463,6109.33,0.4033,6109.33,6108.73,6107.73,6107.54,6106.38,6109.34,6110.0,6110.56,6111.0,6112.65,32.38574007,0.001,0.001,0.016,2.1,7.34951981,0.105,1.0,0.004,0.00122684,"20180628 09:21:17.364795","20180628 09:21:15.981658",1
42,6109.33,0.4033,6109.33,6108.73,6107.73,6107.54,6106.38,6109.34,6110.0,6110.56,6111.0,6112.65,32.38574007,0.001,0.001,0.016,2.1,7.34951981,0.105,1.0,0.004,0.00122684,"20180628 09:21:17.509025","20180628 09:21:16.129572",1
32,6109.33,0.4033,6109.33,6107.55,6106.38,6105.5,6105.23,6109.34,6110.0,6110.56,6111.0,6112.65,34.42138007,0.016,2.1,0.06577763,0.002,7.34951981,0.105,1.0,0.004,0.00122684,"20180628 09:21:18.047456","20180628 09:21:15.960654",1
141,6109.33,0.4033,6109.33,6107.55,6106.38,6105.5,6105.23,6109.34,6110.0,6110.56,6111.0,6112.65,34.42338007,0.016,2.1,0.06577763,0.002,7.34951981,0.105,1.0,0.004,0.00122684,"20180628 09:21:18.623436","20180628 09:21:15.983129",1
447,6109.33,0.4033,6109.33,6107.55,6106.38,6105.5,6105.0,6109.34,6110.0,6110.56,6111.0,6112.65,34.42138007,0.016,2.1,0.06577763,1.0,7.34951981,0.105,1.0,0.004,0.00122684,"20180628 09:21:18.836310","20180628 09:21:15.966327",1
881,6109.33,0.4033,6109.33,6107.55,6106.38,6105.5,6105.16,6109.34,6110.0,6110.56,6111.0,6112.65,34.42138007,0.016,2.1,0.06577763,0.002,7.34951981,0.105,1.0,0.004,0.00122684,"20180628 09:21:18.886394","20180628 09:21:15.972779",1
43,6109.33,0.4033,6109.33,6108.73,6107.73,6107.56,6106.38,6109.34,6110.0,6110.56,6111.0,6112.65,34.42138007,0.001,0.001,0.016,2.1,7.34951981,0.105,1.0,0.004,0.00122684,"20180628 09:21:19.358902","20180628 09:21:16.129572",1
464,6109.33,0.4033,6109.33,6107.58,6106.38,6105.5,6105.1,6109.34,6110.0,6110.56,6111.0,6112.65,34.42338007,0.016,2.1,0.06577763,0.002,7.34951981,0.105,1.0,0.004,0.00122684,"20180628 09:21:20.225606","20180628 09:21:15.981658",1
33,6109.33,0.4033,6109.33,6107.58,6106.38,6105.5,6105.1,6109.34,6110.0,6110.56,6111.0,6112.65,34.42338007,0.016,2.1,0.06577763,0.002,7.34951981,0.105,1.0,0.004,0.00122684,"20180628 09:21:20.454460","20180628 09:21:15.960654",1
448,6109.33,0.4033,6109.33,6107.58,6106.38,6105.5,6105.1,6109.34,6110.0,6110.56,6111.0,6112.65,34.42138007,0.016,2.1,0.06577763,0.002,7.34951981,0.105,1.0,0.004,0.00122684,"20180628 09:21:20.699588","20180628 09:21:15.966327",1
882,6109.33,0.4033,6109.33,6107.58,6106.38,6105.5,6105.1,6109.34,6110.0,6110.56,6111.0,6112.65,34.42138007,0.016,2.1,0.06577763,0.002,7.34951981,0.105,1.0,0.004,0.00122684,"20180628 09:21:20.741098","20180628 09:21:15.972779",1
142,6109.33,0.4033,6109.33,6108.78,6107.58,6106.38,6105.5,6109.34,6110.0,6110.56,6111.0,6112.65,34.42138007,0.001,0.016,2.1,0.06577763,7.34951981,0.105,1.0,0.004,0.00122684,"20180628 09:21:21.016034","20180628 09:21:15.983129",1
44,6109.33,0.4033,6109.33,6108.78,6107.65,6106.38,6105.5,6109.34,6110.0,6110.56,6111.0,6112.65,34.42138007,0.001,0.016,2.1,0.06577763,7.34951981,0.105,1.0,0.004,0.00122684,"20180628 09:21:21.236155","20180628 09:21:16.129572",1
465,6109.33,0.4033,6109.33,6107.78,6107.7,6106.78,6106.38,6109.34,6110.0,6110.56,6111.0,6112.65,34.42138007,0.001,0.016,0.001,2.1,7.34951981,0.105,1.0,0.004,0.00122684,"20180628 09:21:22.089242","20180628 09:21:15.981658",1
34,6109.33,0.4033,6109.33,6107.7,6106.78,6106.38,6105.5,6109.34,6110.0,6110.56,6111.0,6112.65,34.42138007,0.016,0.001,2.1,0.06577763,7.34951981,0.105,1.0,0.004,0.00122684,"20180628 09:21:22.402474","20180628 09:21:15.960654",1
883,6109.33,0.4033,6109.33,6107.7,6106.78,6106.38,6105.5,6109.34,6110.0,6110.56,6111.0,6112.65,34.42138007,0.016,0.001,2.1,0.06577763,7.34951981,0.105,1.0,0.004,0.00122684,"20180628 09:21:22.615552","20180628 09:21:15.972779",1
143,6109.33,0.4033,6109.33,6107.7,6106.78,6106.38,6105.5,6109.34,6110.0,6110.56,6111.0,6112.65,34.42138007,0.016,0.001,2.1,0.06577763,7.34951981,0.105,1.0,0.004,0.00122684,"20180628 09:21:22.861542","20180628 09:21:15.983129",1
449,6109.33,0.4033,6109.33,6107.71,6106.78,6106.38,6105.5,6109.34,6110.0,6110.56,6111.0,6112.65,34.42338007,0.016,0.001,2.1,0.06577763,7.34951981,0.105,1.0,0.004,0.00122684,"20180628 09:21:23.082028","20180628 09:21:15.966327",1
45,6109.33,0.4033,6109.33,6107.71,6106.78,6106.38,6105.5,6109.34,6110.0,6110.56,6111.0,6112.65,34.42338007,0.016,0.001,2.1,0.06577763,7.34951981,0.105,1.0,0.004,0.00122684,"20180628 09:21:23.096308","20180628 09:21:16.129572",1
466,6109.33,0.4033,6109.33,6107.71,6106.78,6106.38,6105.5,6109.34,6110.0,6110.56,6111.0,6112.65,34.42338007,0.016,0.001,2.1,0.06577763,7.39901981,0.105,1.0,0.004,0.00122684,"20180628 09:21:23.940043","20180628 09:21:15.981658",1
144,6109.33,0.4033,6109.33,6107.73,6106.38,6105.5,6105.0,6109.34,6110.0,6110.56,6111.0,6112.65,34.42138007,0.016,2.1,0.06577763,1.0,7.39901981,0.105,1.0,0.004,0.00122684,"20180628 09:21:24.746247","20180628 09:21:15.983129",1
35,6109.33,0.4033,6109.33,6107.73,6106.38,6105.5,6105.0,6109.34,6110.0,6110.56,6111.0,6112.65,34.42138007,0.016,2.1,0.06577763,1.0,7.39901981,0.105,1.0,0.004,0.00122684,"20180628 09:21:24.803032","20180628 09:21:15.960654",1
46,6109.33,0.4033,6109.33,6107.73,6106.38,6105.5,6105.0,6109.34,6110.0,6110.56,6111.0,6112.65,34.42138007,0.016,2.1,0.06577763,1.0,7.39901981,0.105,1.0,0.004,0.00122684,"20180628 09:21:24.964020","20180628 09:21:16.129572",1
884,6109.33,0.4033,6109.33,6107.73,6106.38,6105.5,6105.0,6109.34,6110.0,6110.56,6111.0,6112.65,34.42338007,0.016,2.1,0.06577763,1.0,7.39901981,0.105,1.0,0.004,0.00122684,"20180628 09:21:24.996136","20180628 09:21:15.972779",1
450,6109.33,0.4033,6109.33,6108.78,6107.73,6106.38,6105.5,6109.34,6110.0,6110.56,6111.0,6112.65,34.42138007,0.001,0.016,2.1,0.06577763,7.39901981,0.105,1.0,0.004,0.00122684,"20180628 09:21:25.503296","20180628 09:21:15.966327",1
467,6109.33,0.4033,6109.33,6108.78,6107.78,6107.73,6106.38,6109.34,6110.0,6110.56,6111.0,6112.65,34.42138007,0.001,0.001,0.016,2.1,7.39901981,0.105,1.0,0.004,0.00122684,"20180628 09:21:25.810666","20180628 09:21:15.981658",1
36,6109.33,0.4033,6109.33,6107.78,6107.75,6106.38,6105.5,6109.34,6110.0,6110.56,6111.0,6112.65,34.42138007,0.001,0.016,2.1,0.06577763,7.39901981,0.105,1.0,0.004,0.00122684,"20180628 09:21:26.650026","20180628 09:21:15.960654",1
145,6109.33,0.4033,6109.33,6107.78,6107.75,6106.38,6105.5,6109.34,6110.0,6110.56,6111.0,6112.65,34.42138007,0.001,0.016,2.1,0.06577763,7.39901981,0.105,1.0,0.004,0.00122684,"20180628 09:21:26.689797","20180628 09:21:15.983129",1
47,6109.33,0.4033,6109.33,6107.78,6107.75,6106.38,6105.5,6109.34,6110.0,6110.56,6111.0,6112.65,34.42138007,0.001,0.016,2.1,0.06577763,7.39901981,0.105,1.0,0.004,0.00122684,"20180628 09:21:26.831677","20180628 09:21:16.129572",1
885,6109.33,0.4033,6109.33,6107.75,6106.38,6105.5,6105.0,6109.34,6110.0,6110.56,6111.0,6112.65,34.42138007,0.016,2.1,0.06577763,1.0,7.39901981,0.105,1.0,0.004,0.00122684,"20180628 09:21:26.859839","20180628 09:21:15.972779",1
451,6109.33,0.4033,6109.33,6108.78,6107.75,6106.38,6105.5,6109.34,6110.0,6110.56,6111.0,6112.65,34.42138007,0.001,0.016,2.1,0.06577763,7.39901981,0.105,1.0,0.004,0.00122684,"20180628 09:21:27.372099","20180628 09:21:15.966327",1
468,6109.33,0.4033,6109.33,6108.78,6107.78,6107.75,6106.78,6109.34,6110.0,6110.56,6111.0,6112.65,34.42138007,0.001,0.001,0.016,0.001,7.39901981,0.105,1.0,0.004,0.00122684,"20180628 09:21:27.654411","20180628 09:21:15.981658",1
452,6109.34,0.0143,6109.33,6108.78,6107.75,6106.38,6105.5,6109.34,6110.0,6110.56,6111.0,6112.65,34.42138007,0.001,0.016,2.1,0.06577763,7.39901981,0.105,1.0,0.004,0.00122684,"20180628 09:21:27.372099","20180628 09:21:27.830937",2
37,6109.34,0.0143,6109.33,6107.78,6107.75,6106.38,6105.5,6109.34,6110.0,6110.56,6111.0,6112.65,34.42138007,0.001,0.016,2.1,0.06577763,7.39901981,0.105,1.0,0.004,0.00122684,"20180628 09:21:26.650026","20180628 09:21:27.832087",2
48,6109.34,0.0143,6109.33,6107.78,6107.75,6106.38,6105.5,6109.34,6110.0,6110.56,6111.0,6112.65,34.42138007,0.001,0.016,2.1,0.06577763,7.39901981,0.105,1.0,0.004,0.00122684,"20180628 09:21:26.831677","20180628 09:21:27.834405",2
886,6109.34,0.0143,6109.33,6107.75,6106.38,6105.5,6105.0,6109.34,6110.0,6110.56,6111.0,6112.65,34.42138007,0.016,2.1,0.06577763,1.0,7.39901981,0.105,1.0,0.004,0.00122684,"20180628 09:21:26.859839","20180628 09:21:27.834753",2
146,6109.34,0.0143,6109.33,6107.78,6107.75,6106.38,6105.5,6109.34,6110.0,6110.56,6111.0,6112.65,34.42138007,0.001,0.016,2.1,0.06577763,7.39901981,0.105,1.0,0.004,0.00122684,"20180628 09:21:26.689797","20180628 09:21:27.843206",2
469,6109.34,0.0143,6109.33,6108.78,6107.78,6107.75,6106.78,6109.34,6110.0,6110.56,6111.0,6112.65,34.42138007,0.001,0.001,0.016,0.001,7.39901981,0.105,1.0,0.004,0.00122684,"20180628 09:21:27.654411","20180628 09:21:27.848775",2
38,6109.34,0.0143,6109.33,6107.75,6106.38,6105.5,6105.0,6109.34,6110.0,6110.56,6111.0,6112.65,34.42138007,0.016,2.1,0.06577763,1.0,7.38471981,0.105,1.0,0.004,0.00122684,"20180628 09:21:28.518259","20180628 09:21:27.832087",1
49,6109.34,0.0143,6109.33,6107.75,6106.38,6105.5,6105.0,6109.34,6110.0,6110.56,6111.0,6112.65,34.42138007,0.016,2.1,0.06577763,1.0,7.38471981,0.105,1.0,0.004,0.00122684,"20180628 09:21:28.661491","20180628 09:21:27.834405",1
887,6109.34,0.0143,6109.33,6108.78,6107.73,6106.38,6105.5,6109.34,6110.0,6110.56,6111.0,6112.65,34.42238007,0.001,0.016,2.1,0.06577763,7.38471981,0.105,1.0,0.004,0.00122684,"20180628 09:21:29.225021","20180628 09:21:27.834753",1
453,6109.34,0.0143,6109.33,6108.78,6107.73,6106.38,6105.5,6109.34,6110.0,6110.56,6111.0,6112.65,34.42238007,0.001,0.016,2.1,0.06577763,7.38471981,0.105,1.0,0.004,0.00122684,"20180628 09:21:29.238620","20180628 09:21:27.830937",1
470,6109.34,0.0143,6109.33,6107.78,6107.73,6106.78,6106.38,6109.34,6110.0,6110.56,6111.0,6112.65,34.42238007,0.001,0.016,0.001,2.1,7.38471981,0.105,1.0,0.004,0.00122684,"20180628 09:21:29.499816","20180628 09:21:27.848775",1
39,6109.34,0.0143,6109.33,6107.77,6106.38,6105.5,6105.0,6109.34,6110.0,6110.56,6111.0,6112.65,34.42238007,0.016,2.1,0.06577763,1.0,7.38471981,0.105,1.0,0.004,0.00122684,"20180628 09:21:30.395887","20180628 09:21:27.832087",1
50,6109.34,0.0143,6109.33,6107.77,6106.38,6105.5,6105.0,6109.34,6110.0,6110.56,6111.0,6112.65,34.42238007,0.016,2.1,0.06577763,1.0,7.38471981,0.105,1.0,0.004,0.00122684,"20180628 09:21:30.532852","20180628 09:21:27.834405",1
147,6109.34,0.0143,6109.33,6107.77,6106.38,6105.5,6105.0,6109.34,6110.0,6110.56,6111.0,6112.65,34.42238007,0.016,2.1,0.06577763,1.0,7.38471981,0.105,1.0,0.004,0.00122684,"20180628 09:21:30.706981","20180628 09:21:27.843206",1
888,6109.34,0.0143,6109.33,6108.78,6107.75,6106.38,6105.5,6109.34,6110.0,6110.56,6111.0,6112.65,34.42338007,0.001,0.016,2.1,0.06577763,7.38471981,0.105,1.0,0.004,0.00122684,"20180628 09:21:31.090715","20180628 09:21:27.834753",1
454,6109.34,0.0143,6109.33,6108.78,6107.75,6106.38,6105.5,6109.34,6110.0,6110.56,6111.0,6112.65,34.42338007,0.001,0.016,2.1,0.06577763,7.38471981,0.105,1.0,0.004,0.00122684,"20180628 09:21:31.098297","20180628 09:21:27.830937",1
471,6109.34,0.0143,6109.33,6107.78,6107.75,6106.78,6106.38,6109.34,6110.0,6110.56,6111.0,6112.65,34.42338007,0.001,0.016,0.001,2.1,7.38471981,0.105,1.0,0.004,0.00122684,"20180628 09:21:31.502629","20180628 09:21:27.848775",1
40,6109.34,0.0143,6109.33,6107.75,6106.38,6105.5,6105.0,6109.34,6110.0,6110.56,6111.0,6112.65,34.42338007,0.016,2.1,0.06577763,1.0,7.38471981,0.105,1.0,0.004,0.00122684,"20180628 09:21:32.209855","20180628 09:21:27.832087",1
51,6109.34,0.0143,6109.33,6107.75,6106.38,6105.5,6105.0,6109.34,6110.0,6110.56,6111.0,6112.65,34.42338007,0.016,2.1,0.06577763,1.0,7.38471981,0.105,1.0,0.004,0.00122684,"20180628 09:21:32.416363","20180628 09:21:27.834405",1
148,6109.34,0.0143,6109.33,6107.75,6106.38,6105.5,6105.0,6109.34,6110.0,6110.56,6111.0,6112.65,34.42338007,0.016,2.1,0.06577763,1.0,7.38471981,0.105,1.0,0.004,0.00122684,"20180628 09:21:32.543327","20180628 09:21:27.843206",1
455,6109.34,0.0143,6109.33,6108.78,6107.78,6107.75,6106.78,6109.34,6110.0,6110.56,6111.0,6112.65,34.42338007,0.001,0.001,0.016,0.001,7.38471981,0.105,1.0,0.004,0.00122684,"20180628 09:21:32.945686","20180628 09:21:27.830937",1
889,6109.34,0.0143,6109.33,6108.78,6107.78,6107.75,6106.78,6109.34,6110.0,6110.56,6111.0,6112.65,34.42338007,0.001,0.001,0.016,0.001,7.38471981,0.105,1.0,0.004,0.00122684,"20180628 09:21:32.966120","20180628 09:21:27.834753",1
472,6109.34,0.0143,6109.33,6108.78,6107.79,6107.78,6106.38,6109.34,6110.0,6110.56,6111.0,6112.65,34.42101247,0.001,0.016,0.001,2.1,7.38471981,0.105,1.0,0.004,0.00122684,"20180628 09:21:33.350529","20180628 09:21:27.848775",1
41,6109.34,0.0143,6109.33,6107.78,6106.38,6105.5,6105.0,6109.34,6110.0,6110.56,6111.0,6112.65,34.42438007,0.001,2.1,0.06577763,1.0,7.38471981,0.105,1.0,0.004,0.00122684,"20180628 09:21:34.065124","20180628 09:21:27.832087",1
52,6109.34,0.0143,6109.33,6107.82,6107.78,6106.78,6106.38,6109.34,6110.0,6110.56,6111.0,6112.65,34.42438007,0.016,0.001,0.001,2.1,7.38471981,0.105,1.0,0.004,0.00122684,"20180628 09:21:34.806770","20180628 09:21:27.834405",1
456,6109.34,0.0143,6109.33,6107.82,6107.78,6106.38,6105.5,6109.34,6110.0,6110.56,6111.0,6112.65,34.42438007,0.016,0.001,2.1,0.06577763,7.38471981,0.105,1.0,0.004,0.00122684,"20180628 09:21:34.813858","20180628 09:21:27.830937",1
890,6109.34,0.0143,6109.33,6107.83,6106.78,6106.38,6105.5,6109.34,6110.0,6110.56,6111.0,6112.65,34.42438007,0.016,0.001,2.1,0.06577763,7.38471981,0.105,1.0,0.004,0.00122684,"20180628 09:21:35.335970","20180628 09:21:27.834753",1
473,6109.34,0.0143,6109.33,6107.83,6106.78,6106.38,6105.5,6109.34,6110.0,6110.56,6111.0,6112.65,34.42438007,0.016,0.001,2.1,0.06577763,7.38471981,0.105,1.0,0.004,0.00122684,"20180628 09:21:35.760149","20180628 09:21:27.848775",1
149,6109.34,0.0143,6109.33,6107.83,6106.38,6105.5,6105.0,6109.34,6110.0,6110.56,6111.0,6112.65,34.42438007,0.016,2.1,0.06577763,1.0,7.38471981,0.105,1.0,0.004,0.00122684,"20180628 09:21:35.952582","20180628 09:21:27.843206",1
42,6109.34,0.0143,6109.33,6108.78,6107.87,6106.38,6105.5,6109.34,6110.0,6110.56,6111.0,6112.65,34.42438007,0.001,0.016,2.1,0.06577763,7.38471981,0.105,1.0,0.004,0.00122684,"20180628 09:21:36.461413","20180628 09:21:27.832087",1
457,6109.34,0.0143,6109.33,6108.78,6107.87,6107.78,6106.38,6109.34,6110.0,6110.56,6111.0,6112.65,34.42438007,0.001,0.016,0.001,2.1,7.38471981,0.105,1.0,0.004,0.00122684,"20180628 09:21:36.644029","20180628 09:21:27.830937",1
53,6109.34,0.0143,6109.33,6107.81,6107.78,6106.78,6106.38,6109.34,6110.0,6110.56,6111.0,6112.65,34.42438007,0.016,0.001,0.001,2.1,7.38471981,0.105,1.0,0.004,0.00122684,"20180628 09:21:37.183724","20180628 09:21:27.834405",1
891,6109.34,0.0143,6109.33,6107.81,6107.78,6106.78,6106.38,6109.34,6110.0,6110.56,6111.0,6112.65,34.42438007,0.016,0.001,0.001,2.1,7.38471981,0.105,1.0,0.004,0.00122684,"20180628 09:21:37.194037","20180628 09:21:27.834753",1
474,6109.34,0.0143,6109.33,6107.81,6107.78,6106.38,6105.5,6109.34,6110.0,6110.56,6111.0,6112.65,34.42438007,0.016,0.001,2.1,0.06577763,7.38471981,0.105,1.0,0.004,0.00122684,"20180628 09:21:37.627591","20180628 09:21:27.848775",1
43,6109.34,0.0143,6109.33,6107.83,6106.38,6105.5,6105.0,6109.34,6110.0,6110.56,6111.0,6112.65,34.42538007,0.016,2.1,0.06577763,1.0,7.38471981,0.105,1.0,0.004,0.00122684,"20180628 09:21:38.306984","20180628 09:21:27.832087",1
150,6109.34,0.0143,6109.33,6108.78,6107.83,6106.38,6105.5,6109.34,6110.0,6110.56,6111.0,6112.65,34.42538007,0.001,0.016,2.1,0.06577763,7.38471981,0.105,1.0,0.004,0.00122684,"20180628 09:21:38.356887","20180628 09:21:27.843206",1
54,6109.34,0.0143,6109.33,6108.78,6107.79,6107.78,6106.38,6109.34,6110.0,6110.56,6111.0,6112.65,34.42538007,0.001,0.016,0.001,2.1,7.38471981,0.105,1.0,0.004,0.00122684,"20180628 09:21:39.057583","20180628 09:21:27.834405",1
892,6109.34,0.0143,6109.33,6108.78,6107.79,6107.78,6106.38,6109.34,6110.0,6110.56,6111.0,6112.65,34.42538007,0.001,0.016,0.001,2.1,7.38471981,0.105,1.0,0.004,0.00122684,"20180628 09:21:39.075582","20180628 09:21:27.834753",1
458,6109.34,0.0143,6109.33,6107.79,6106.38,6105.5,6105.0,6109.34,6110.0,6110.56,6111.0,6112.65,34.42538007,0.016,2.1,0.06577763,1.0,7.38471981,0.105,1.0,0.004,0.00122684,"20180628 09:21:39.556048","20180628 09:21:27.830937",1
475,6109.34,0.0143,6109.33,6107.79,6107.78,6106.38,6105.5,6109.34,6110.0,6110.56,6111.0,6112.65,34.42538007,0.016,0.001,2.1,0.06577763,7.38471981,0.105,1.0,0.004,0.00122684,"20180628 09:21:40.123660","20180628 09:21:27.848775",1
151,6109.34,0.0143,6109.33,6108.78,6107.77,6106.38,6105.5,6109.34,6110.0,6110.56,6111.0,6112.65,34.42538007,0.001,0.016,2.1,0.06577763,7.38471981,0.105,1.0,0.004,0.00122684,"20180628 09:21:40.175910","20180628 09:21:27.843206",1
44,6109.34,0.0143,6109.33,6108.78,6107.77,6106.38,6105.5,6109.34,6110.0,6110.56,6111.0,6112.65,34.42538007,0.001,0.016,2.1,0.06577763,7.38471981,0.105,1.0,0.004,0.00122684,"20180628 09:21:40.193492","20180628 09:21:27.832087",1
893,6109.34,0.0143,6109.33,6107.77,6106.78,6106.38,6105.5,6109.34,6110.0,6110.56,6111.0,6112.65,34.42538007,0.016,0.001,2.1,0.06577763,7.38471981,0.105,1.0,0.004,0.00122684,"20180628 09:21:40.915784","20180628 09:21:27.834753",1
55,6109.34,0.0143,6109.33,6107.77,6106.78,6106.38,6105.5,6109.34,6110.0,6110.56,6111.0,6112.65,34.42538007,0.016,0.001,2.1,0.06577763,7.38471981,0.105,1.0,0.004,0.00122684,"20180628 09:21:40.927642","20180628 09:21:27.834405",1
459,6109.34,0.0143,6109.33,6107.76,6106.38,6105.5,6105.06,6109.34,6110.0,6110.56,6111.0,6112.65,34.42538007,0.016,2.1,0.06577763,0.07108693,7.38471981,0.105,1.0,0.004,0.00122684,"20180628 09:21:41.943902","20180628 09:21:27.830937",1
45,6109.34,0.0143,6109.33,6107.76,6106.38,6105.5,6105.06,6109.34,6110.0,6110.56,6111.0,6112.65,34.42538007,0.016,2.1,0.06577763,0.07108693,7.38471981,0.105,1.0,0.004,0.00122684,"20180628 09:21:42.030681","20180628 09:21:27.832087",1
476,6109.34,0.0143,6109.33,6108.78,6107.78,6107.76,6106.38,6109.34,6110.0,6110.56,6111.0,6112.65,34.42538007,0.001,0.001,0.016,2.1,7.38471981,0.105,1.0,0.004,0.00122684,"20180628 09:21:42.503972","20180628 09:21:27.848775",1
894,6109.34,0.0143,6109.33,6107.78,6107.76,6106.78,6106.38,6109.34,6110.0,6110.56,6111.0,6112.65,34.42538007,0.001,0.016,0.001,2.1,7.38471981,0.105,1.0,0.004,0.00122684,"20180628 09:21:42.780075","20180628 09:21:27.834753",1
56,6109.34,0.0143,6109.33,6107.78,6107.76,6106.78,6106.38,6109.34,6110.0,6110.56,6111.0,6112.65,34.42538007,0.001,0.016,0.001,2.1,7.38471981,0.105,1.0,0.004,0.00122684,"20180628 09:21:42.784338","20180628 09:21:27.834405",1
152,6109.34,0.0143,6109.33,6107.78,6107.76,6106.78,6106.38,6109.34,6110.0,6110.56,6111.0,6112.65,34.42538007,0.001,0.016,0.001,2.1,7.38471981,0.105,1.0,0.004,0.00122684,"20180628 09:21:43.077624","20180628 09:21:27.843206",1
460,6109.34,0.0143,6109.33,6108.78,6107.78,6107.74,6106.78,6109.34,6110.0,6110.56,6111.0,6112.65,34.42538007,0.001,0.001,0.016,0.001,7.38471981,0.105,1.0,0.004,0.00122684,"20180628 09:21:43.821785","20180628 09:21:27.830937",1
46,6109.34,0.0143,6109.33,6107.78,6107.74,6106.78,6106.38,6109.34,6110.0,6110.56,6111.0,6112.65,34.42538007,0.001,0.016,0.001,2.1,7.38471981,0.105,1.0,0.004,0.00122684,"20180628 09:21:43.909516","20180628 09:21:27.832087",1
477,6109.34,0.0143,6109.33,6107.79,6106.78,6106.38,6105.5,6109.34,6110.0,6110.56,6111.0,6112.65,34.42538007,0.016,0.001,2.1,0.06577763,7.38471981,0.105,1.0,0.004,0.00122684,"20180628 09:21:44.360442","20180628 09:21:27.848775",1
895,6109.34,0.0143,6109.33,6107.79,6106.38,6105.5,6105.0,6109.34,6110.0,6110.56,6111.0,6112.65,34.42538007,0.016,2.1,0.06577763,1.0,7.38471981,0.105,1.0,0.004,0.00122684,"20180628 09:21:44.625399","20180628 09:21:27.834753",1
57,6109.34,0.0143,6109.33,6107.79,6106.38,6105.5,6105.0,6109.34,6110.0,6110.56,6111.0,6112.65,34.42538007,0.016,2.1,0.06577763,1.0,7.38471981,0.105,1.0,0.004,0.00122684,"20180628 09:21:44.638330","20180628 09:21:27.834405",1
153,6109.34,0.0143,6109.33,6107.79,6106.38,6105.5,6105.0,6109.34,6110.0,6110.56,6111.0,6112.65,34.42538007,0.016,2.1,0.06577763,1.0,7.38471981,0.105,1.0,0.004,0.00122684,"20180628 09:21:44.924855","20180628 09:21:27.843206",1
461,6109.34,0.0143,6109.33,6107.8,6106.78,6106.38,6105.5,6109.34,6110.0,6110.56,6111.0,6112.65,34.42538007,0.016,0.001,2.1,0.06577763,7.38471981,0.105,1.0,0.004,0.00122684,"20180628 09:21:45.692355","20180628 09:21:27.830937",1
47,6109.34,0.0143,6109.33,6107.8,6106.38,6105.5,6105.0,6109.34,6110.0,6110.56,6111.0,6112.65,34.42538007,0.016,2.1,0.06577763,1.0,7.38471981,0.105,1.0,0.004,0.00122684,"20180628 09:21:45.766869","20180628 09:21:27.832087",1
478,6109.34,0.0143,6109.33,6107.88,6106.38,6105.5,6105.0,6109.34,6110.0,6110.56,6111.0,6112.65,34.42538007,0.016,2.1,0.06577763,1.0,7.38471981,0.105,1.0,0.004,0.00122684,"20180628 09:21:46.227436","20180628 09:21:27.848775",1
896,6109.34,0.0143,6109.33,6107.88,6106.38,6105.5,6105.0,6109.34,6110.0,6110.56,6111.0,6112.65,34.42538007,0.016,2.1,0.06577763,1.0,7.38471981,0.105,1.0,0.004,0.00122684,"20180628 09:21:46.465985","20180628 09:21:27.834753",1
58,6109.34,0.0143,6109.33,6107.88,6106.38,6105.5,6105.0,6109.34,6110.0,6110.56,6111.0,6112.65,34.42538007,0.016,2.1,0.06577763,1.0,7.38471981,0.105,1.0,0.004,0.00122684,"20180628 09:21:46.506457","20180628 09:21:27.834405",1
154,6109.34,0.0143,6109.33,6108.78,6107.88,6107.78,6106.38,6109.34,6110.0,6110.56,6111.0,6112.65,34.42538007,0.001,0.016,0.001,2.1,7.38471981,0.105,1.0,0.004,0.00122684,"20180628 09:21:46.805682","20180628 09:21:27.843206",1
462,6109.34,0.0143,6109.33,6107.92,6107.78,6106.78,6106.38,6109.34,6110.0,6110.56,6111.0,6112.65,34.42538007,0.016,0.001,0.001,2.1,7.38471981,0.105,1.0,0.004,0.00122684,"20180628 09:21:47.554822","20180628 09:21:27.830937",1
479,6109.34,0.0143,6109.33,6108.0,6107.78,6106.38,6105.5,6109.34,6110.0,6110.56,6111.0,6112.65,34.42538007,0.016,0.001,2.1,0.06577763,7.38471981,0.105,1.0,0.004,0.00122684,"20180628 09:21:48.091444","20180628 09:21:27.848775",1
897,6109.34,0.0143,6109.33,6108.0,6106.38,6105.5,6105.0,6109.34,6110.0,6110.56,6111.0,6112.65,34.42538007,0.016,2.1,0.06577763,1.0,7.38471981,0.105,1.0,0.004,0.00122684,"20180628 09:21:48.294075","20180628 09:21:27.834753",1
59,6109.34,0.0143,6109.33,6108.78,6108.0,6106.38,6105.5,6109.34,6110.0,6110.56,6111.0,6112.65,34.42538007,0.001,0.016,2.1,0.06577763,7.38471981,0.105,1.0,0.004,0.00122684,"20180628 09:21:48.361375","20180628 09:21:27.834405",1
155,6109.34,0.0143,6109.33,6108.78,6108.0,6107.78,6106.78,6109.34,6110.0,6110.56,6111.0,6112.65,34.42538007,0.001,0.016,0.001,0.001,7.38471981,0.105,1.0,0.004,0.00122684,"20180628 09:21:48.653381","20180628 09:21:27.843206",1
48,6109.34,0.0143,6109.33,6108.0,6106.38,6105.5,6105.0,6109.34,6110.0,6110.56,6111.0,6112.65,34.42538007,0.016,2.1,0.06577763,1.0,7.38471981,0.105,1.0,0.004,0.00122684,"20180628 09:21:49.049217","20180628 09:21:27.832087",1
463,6109.34,0.0143,6109.33,6107.92,6107.78,6106.38,6105.5,6109.34,6110.0,6110.56,6111.0,6112.65,34.42538007,0.016,0.001,2.1,0.06577763,7.38471981,0.105,1.0,0.004,0.00122684,"20180628 09:21:49.412119","20180628 09:21:27.830937",1
480,6109.34,0.0143,6109.33,6107.92,6106.38,6105.5,6105.0,6109.34,6110.0,6110.56,6111.0,6112.65,34.42538007,0.016,2.1,0.06577763,1.0,7.38471981,0.105,1.0,0.004,0.00122684,"20180628 09:21:49.944976","20180628 09:21:27.848775",1
898,6109.34,0.0143,6109.33,6107.99,6106.38,6105.5,6105.0,6109.34,6110.0,6110.56,6111.0,6112.65,34.42538007,0.016,2.1,0.06577763,1.0,7.38471981,0.105,1.0,0.004,0.00122684,"20180628 09:21:50.156426","20180628 09:21:27.834753",1
60,6109.34,0.0143,6109.33,6107.99,6106.38,6105.5,6105.0,6109.34,6110.0,6110.56,6111.0,6112.65,34.42538007,0.016,2.1,0.06577763,1.0,7.38471981,0.105,1.0,0.004,0.00122684,"20180628 09:21:50.214186","20180628 09:21:27.834405",1
156,6109.34,0.0143,6109.33,6108.78,6107.99,6107.78,6106.38,6109.34,6110.0,6110.56,6111.0,6112.65,34.42538007,0.001,0.016,0.001,2.1,7.38471981,0.105,1.0,0.004,0.00122684,"20180628 09:21:50.515111","20180628 09:21:27.843206",1
49,6109.34,0.0143,6109.33,6107.99,6107.78,6106.78,6106.38,6109.34,6110.0,6110.56,6111.0,6112.65,34.42538007,0.016,0.001,0.001,2.1,7.38471981,0.105,1.0,0.004,0.00122684,"20180628 09:21:50.894374","20180628 09:21:27.832087",1
464,6109.34,0.0143,6109.33,6108.02,6107.78,6106.78,6106.38,6109.34,6110.0,6110.56,6111.0,6112.65,34.42538007,0.016,0.001,0.001,2.1,7.38471981,0.105,1.0,0.004,0.00122684,"20180628 09:21:51.253810","20180628 09:21:27.830937",1
61,6109.34,0.0143,6109.33,6108.02,6106.38,6105.5,6105.0,6109.34,6110.0,6110.56,6111.0,6112.65,34.42538007,0.016,2.1,0.06577763,1.0,7.38471981,0.105,1.0,0.004,0.00122684,"20180628 09:21:52.017986","20180628 09:21:27.834405",1
899,6109.34,0.0143,6109.33,6108.02,6106.38,6105.5,6105.0,6109.34,6110.0,6110.56,6111.0,6112.65,34.42538007,0.016,2.1,0.06577763,1.0,7.38471981,0.105,1.0,0.004,0.00122684,"20180628 09:21:52.064108","20180628 09:21:27.834753",1
157,6109.34,0.0143,6109.33,6108.78,6108.01,6106.38,6105.5,6109.34,6110.0,6110.56,6111.0,6112.65,34.42538007,0.001,0.016,2.1,0.06577763,7.38471981,0.105,1.0,0.004,0.00122684,"20180628 09:21:52.383692","20180628 09:21:27.843206",1
50,6109.34,0.0143,6109.33,6108.78,6108.01,6107.78,6106.38,6109.34,6110.0,6110.56,6111.0,6112.65,34.42538007,0.001,0.016,0.001,2.1,7.38471981,0.105,1.0,0.004,0.00122684,"20180628 09:21:52.731174","20180628 09:21:27.832087",1
465,6109.34,0.0143,6109.33,6107.86,6107.78,6106.38,6105.5,6109.34,6110.0,6110.56,6111.0,6112.65,34.42538007,0.016,0.001,2.1,0.06577763,7.38471981,0.105,1.0,0.004,0.00122684,"20180628 09:21:53.149197","20180628 09:21:27.830937",1
481,6109.34,0.0143,6109.33,6108.78,6108.01,6107.78,6106.38,6109.34,6110.0,6110.56,6111.0,6112.65,34.42538007,0.001,0.016,0.001,2.1,7.38471981,0.105,1.0,0.004,0.00122684,"20180628 09:21:53.241409","20180628 09:21:27.848775",1
62,6109.34,0.0143,6109.33,6107.86,6106.38,6105.5,6105.0,6109.34,6110.0,6110.56,6111.0,6112.65,34.42538007,0.016,2.1,0.06577763,1.0,7.38471981,0.105,1.0,0.004,0.00122684,"20180628 09:21:53.851108","20180628 09:21:27.834405",1
158,6109.34,0.0143,6109.33,6107.66,6106.38,6105.5,6105.0,6109.34,6110.0,6110.56,6111.0,6112.65,34.42538007,0.016,2.1,0.06577763,1.0,7.38471981,0.105,1.0,0.004,0.00122684,"20180628 09:21:54.249199","20180628 09:21:27.843206",1
900,6109.34,0.0143,6109.33,6108.78,6107.78,6107.66,6106.38,6109.34,6110.0,6110.56,6111.0,6112.65,34.42538007,0.001,0.001,0.016,2.1,7.38471981,0.105,1.0,0.004,0.00122684,"20180628 09:21:54.472445","20180628 09:21:27.834753",1
51,6109.34,0.0143,6109.33,6107.78,6107.66,6106.38,6105.5,6109.34,6110.0,6110.56,6111.0,6112.65,34.42538007,0.001,0.016,2.1,0.06577763,7.38471981,0.105,1.0,0.004,0.00122684,"20180628 09:21:54.607031","20180628 09:21:27.832087",1
466,6109.34,0.0143,6109.33,6107.66,6106.78,6106.38,6105.5,6109.34,6110.0,6110.56,6111.0,6112.65,34.42538007,0.016,0.001,2.1,0.06577763,7.38471981,0.105,1.0,0.004,0.00122684,"20180628 09:21:55.018533","20180628 09:21:27.830937",1
482,6109.34,0.0143,6109.33,6107.7,6106.38,6105.5,6105.0,6109.34,6110.0,6110.56,6111.0,6112.65,34.42538007,0.016,2.1,0.06577763,1.0,7.38471981,0.105,1.0,0.004,0.00122684,"20180628 09:21:55.123528","20180628 09:21:27.848775",1
159,6109.34,0.0143,6109.33,6107.69,6106.38,6105.5,6105.0,6109.34,6110.0,6110.56,6111.0,6112.65,34.42538007,0.016,2.1,0.06577763,1.0,7.38471981,0.105,1.0,0.004,0.00122684,"20180628 09:21:56.119633","20180628 09:21:27.843206",1
901,6109.34,0.0143,6109.33,6108.78,6107.69,6106.38,6105.5,6109.34,6110.0,6110.56,6111.0,6112.65,34.42538007,0.001,0.016,2.1,0.06577763,7.38471981,0.105,1.0,0.004,0.00122684,"20180628 09:21:56.303541","20180628 09:21:27.834753",1
52,6109.34,0.0143,6109.33,6107.78,6107.69,6106.78,6106.38,6109.34,6110.0,6110.56,6111.0,6112.65,34.42538007,0.001,0.016,0.001,2.1,7.38471981,0.105,1.0,0.004,0.00122684,"20180628 09:21:56.465535","20180628 09:21:27.832087",1
483,6109.34,0.0143,6109.33,6107.69,6106.78,6106.38,6105.5,6109.34,6110.0,6110.56,6111.0,6112.65,34.42638007,0.016,0.001,2.1,0.06577763,7.38471981,0.105,1.0,0.004,0.00122684,"20180628 09:21:56.984134","20180628 09:21:27.848775",1
63,6109.34,0.0143,6109.33,6107.78,6106.38,6105.5,6103.53,6109.34,6110.0,6110.56,6111.0,6112.65,34.42638007,0.016,2.1,0.06577763,0.2966,7.38471981,0.105,1.0,0.004,0.00122684,"20180628 09:21:57.255376","20180628 09:21:27.834405",1
467,6109.34,0.0143,6109.33,6107.78,6106.38,6105.5,6105.23,6109.34,6110.0,6110.56,6110.87,6111.0,34.42638007,0.016,2.1,0.06577763,0.07108496,5.74799981,0.105,1.0,1.63537,0.004,"20180628 09:21:57.455802","20180628 09:21:27.830937",1
160,6109.34,0.0143,6109.33,6107.78,6106.38,6105.5,6105.23,6109.34,6110.0,6110.56,6110.87,6111.0,34.42638007,0.016,2.1,0.06577763,0.07108496,5.74799981,0.105,1.0,1.63537,0.004,"20180628 09:21:57.992886","20180628 09:21:27.843206",1
902,6109.34,0.0143,6109.33,6107.77,6106.38,6105.5,6105.23,6109.34,6110.0,6110.56,6110.87,6111.0,34.42638007,0.016,2.1,0.06577763,0.07108496,5.74799981,0.105,1.0,1.63537,0.004,"20180628 09:21:58.187279","20180628 09:21:27.834753",1
53,6109.34,0.0143,6109.33,6107.78,6107.77,6106.78,6106.38,6109.34,6110.0,6110.56,6110.87,6111.0,34.42638007,0.001,0.016,0.001,2.1,5.74799981,0.105,1.0,1.63537,0.004,"20180628 09:21:58.318118","20180628 09:21:27.832087",1
468,6109.34,0.0143,6109.33,6107.79,6106.38,6105.5,6105.05,6109.34,6109.64,6110.0,6110.56,6111.0,34.42638007,0.016,2.1,0.06577763,1.63591,5.74799981,1.63527,0.105,1.0,0.004,"20180628 09:21:59.335442","20180628 09:21:27.830937",1
64,6109.34,0.0143,6109.33,6107.79,6106.38,6105.5,6105.24,6109.34,6109.64,6110.0,6110.56,6111.0,34.42638007,0.016,2.1,0.06577763,0.07108484,5.74799981,1.63527,0.105,1.0,0.004,"20180628 09:21:59.634928","20180628 09:21:27.834405",1
903,6109.34,0.0143,6109.33,6108.78,6107.79,6107.78,6106.38,6109.34,6109.64,6110.0,6110.56,6111.0,34.42638007,0.001,0.016,0.001,2.1,5.74799981,1.63527,0.105,1.0,0.004,"20180628 09:22:00.032808","20180628 09:21:27.834753",1
54,6109.34,0.0143,6109.33,6108.78,6107.78,6107.73,6106.78,6109.34,6109.64,6110.0,6110.56,6111.0,34.42638007,0.001,0.001,0.016,0.001,5.74799981,1.63527,0.105,1.0,0.004,"20180628 09:22:00.177108","20180628 09:21:27.832087",1
484,6109.34,0.0143,6109.33,6108.78,6107.78,6107.73,6106.38,6109.34,6109.64,6110.0,6110.56,6111.0,34.42638007,0.001,0.001,0.016,2.1,5.74799981,1.63527,0.105,1.0,0.004,"20180628 09:22:00.285898","20180628 09:21:27.848775",1
161,6109.34,0.0143,6109.33,6108.78,6107.73,6106.38,6105.5,6109.34,6109.64,6110.0,6110.56,6111.0,34.42638007,0.001,0.016,2.1,0.06577763,5.74799981,1.63527,0.105,1.0,0.004,"20180628 09:22:00.895584","20180628 09:21:27.843206",1
469,6109.34,0.0143,6109.33,6107.72,6106.38,6105.5,6105.05,6109.34,6109.64,6110.0,6110.56,6111.0,34.42638007,0.016,2.1,0.06577763,1.63591,5.74799981,1.63527,0.105,1.0,0.004,"20180628 09:22:01.210866","20180628 09:21:27.830937",1
65,6109.34,0.0143,6109.33,6107.72,6106.38,6105.5,6105.05,6109.34,6109.64,6110.0,6110.56,6111.0,34.42638007,0.016,2.1,0.06577763,1.63591,5.74799981,1.63527,0.105,1.0,0.004,"20180628 09:22:01.531045","20180628 09:21:27.834405",1
904,6109.34,0.0143,6109.33,6107.72,6106.78,6106.38,6105.5,6109.34,6109.64,6110.0,6110.56,6111.0,34.42638007,0.016,0.001,2.1,0.06577763,5.74799981,1.63527,0.105,1.0,0.004,"20180628 09:22:01.908218","20180628 09:21:27.834753",1
55,6109.34,0.0143,6109.33,6107.72,6106.78,6106.38,6105.5,6109.34,6109.64,6110.0,6110.56,6111.0,34.42638007,0.016,0.001,2.1,0.06577763,5.74799981,1.63527,0.105,1.0,0.004,"20180628 09:22:02.058819","20180628 09:21:27.832087",1
66,6109.34,0.03,6109.33,6107.72,6106.38,6105.5,6105.05,6109.34,6109.64,6110.0,6110.56,6111.0,34.42638007,0.016,2.1,0.06577763,1.63591,5.74799981,1.63527,0.105,1.0,0.004,"20180628 09:22:01.531045","20180628 09:22:02.259386",2
56,6109.34,0.03,6109.33,6107.72,6106.78,6106.38,6105.5,6109.34,6109.64,6110.0,6110.56,6111.0,34.42638007,0.016,0.001,2.1,0.06577763,5.74799981,1.63527,0.105,1.0,0.004,"20180628 09:22:02.058819","20180628 09:22:02.265098",2
905,6109.34,0.03,6109.33,6107.72,6106.78,6106.38,6105.5,6109.34,6109.64,6110.0,6110.56,6111.0,34.42638007,0.016,0.001,2.1,0.06577763,5.74799981,1.63527,0.105,1.0,0.004,"20180628 09:22:01.908218","20180628 09:22:02.269444",2
485,6109.34,0.03,6109.33,6108.78,6107.78,6107.73,6106.38,6109.34,6109.64,6110.0,6110.56,6111.0,34.42638007,0.001,0.001,0.016,2.1,5.74799981,1.63527,0.105,1.0,0.004,"20180628 09:22:00.285898","20180628 09:22:02.271436",2
470,6109.34,0.03,6109.33,6107.72,6106.38,6105.5,6105.05,6109.34,6109.64,6110.0,6110.56,6111.0,34.42638007,0.016,2.1,0.06577763,1.63591,5.74799981,1.63527,0.105,1.0,0.004,"20180628 09:22:01.210866","20180628 09:22:02.273019",2
162,6109.34,0.03,6109.33,6108.78,6107.73,6106.38,6105.5,6109.34,6109.64,6110.0,6110.56,6111.0,34.42638007,0.001,0.016,2.1,0.06577763,5.74799981,1.63527,0.105,1.0,0.004,"20180628 09:22:00.895584","20180628 09:22:02.381617",2
163,6109.34,0.03,6109.33,6107.61,6106.38,6105.5,6105.05,6109.34,6109.64,6110.0,6110.56,6111.0,34.42638007,0.016,2.1,0.06577763,1.63591,5.71799981,1.63527,0.105,1.0,0.004,"20180628 09:22:02.769876","20180628 09:22:02.381617",1
471,6109.34,0.03,6109.33,6108.78,6107.28,6106.38,6105.5,6109.34,6109.64,6110.0,6110.56,6111.0,34.42838007,0.001,0.016,2.1,0.06577763,5.71799981,1.63527,0.105,1.0,0.004,"20180628 09:22:03.109332","20180628 09:22:02.273019",1
67,6109.34,0.03,6109.33,6108.78,6107.28,6106.38,6105.5,6109.34,6109.64,6110.0,6110.56,6111.0,34.42638007,0.001,0.016,2.1,0.06577763,5.71799981,1.63527,0.105,1.0,0.004,"20180628 09:22:03.369096","20180628 09:22:02.259386",1
486,6109.34,0.03,6109.33,6107.78,6107.28,6106.38,6105.5,6109.34,6109.64,6110.0,6110.56,6111.0,34.42638007,0.001,0.016,2.1,0.06577763,5.71799981,1.63527,0.105,1.0,0.004,"20180628 09:22:03.583649","20180628 09:22:02.271436",1
57,6109.34,0.03,6109.33,6107.28,6106.78,6106.38,6105.5,6109.34,6109.64,6110.0,6110.56,6111.0,34.42838007,0.016,0.001,2.1,0.06577763,5.71799981,1.63527,0.105,1.0,0.004,"20180628 09:22:03.904055","20180628 09:22:02.265098",1
906,6109.34,0.03,6109.33,6107.21,6106.38,6105.5,6105.05,6109.34,6109.64,6110.0,6110.56,6111.0,34.42638007,0.016,2.1,0.06577763,1.63591,5.71799981,1.63527,0.105,1.0,0.004,"20180628 09:22:04.350414","20180628 09:22:02.269444",1
164,6109.34,0.03,6109.33,6107.21,6106.38,6105.5,6105.05,6109.34,6109.64,6110.0,6110.56,6111.0,34.42838007,0.016,2.1,0.06577763,1.63591,5.71799981,1.63527,0.105,1.0,0.004,"20180628 09:22:04.627561","20180628 09:22:02.381617",1
68,6109.34,0.03,6109.33,6108.78,6107.26,6106.38,6105.5,6109.34,6109.64,6110.0,6110.56,6111.0,34.42638007,0.001,0.016,2.1,0.06577763,5.71799981,1.63527,0.105,1.0,0.004,"20180628 09:22:05.250808","20180628 09:22:02.259386",1
472,6109.34,0.03,6109.33,6107.26,6106.78,6106.38,6105.5,6109.34,6109.64,6110.0,6110.56,6111.0,34.42638007,0.016,0.001,2.1,0.06577763,5.71799981,1.63527,0.105,1.0,0.004,"20180628 09:22:05.422467","20180628 09:22:02.273019",1
487,6109.34,0.03,6109.33,6107.26,6106.78,6106.38,6105.5,6109.34,6109.64,6110.0,6110.56,6111.0,34.42638007,0.016,0.001,2.1,0.06577763,5.71799981,1.63527,0.105,1.0,0.004,"20180628 09:22:05.452590","20180628 09:22:02.271436",1
907,6109.34,0.03,6109.33,6107.28,6106.38,6105.5,6105.05,6109.34,6109.64,6110.0,6110.56,6111.0,34.42638007,0.016,2.1,0.06577763,1.63591,5.71899981,1.63527,0.105,1.0,0.004,"20180628 09:22:06.279486","20180628 09:22:02.269444",1
165,6109.34,0.03,6109.33,6107.28,6106.38,6105.5,6105.05,6109.34,6109.64,6110.0,6110.56,6111.0,34.42638007,0.016,2.1,0.06577763,1.63591,5.71899981,1.63527,0.105,1.0,0.004,"20180628 09:22:06.504388","20180628 09:22:02.381617",1
58,6109.34,0.03,6109.33,6107.26,6106.38,6105.5,6105.05,6109.34,6109.64,6110.0,6110.56,6111.0,34.42638007,0.016,2.1,0.06577763,1.63591,5.71899981,1.63527,0.105,1.0,0.004,"20180628 09:22:06.629711","20180628 09:22:02.265098",1
69,6109.34,0.03,6109.33,6108.78,6107.38,6106.78,6106.38,6109.34,6109.64,6110.0,6110.56,6111.0,34.42638007,0.001,0.016,0.001,2.1,5.71899981,1.63527,0.105,1.0,0.004,"20180628 09:22:07.117243","20180628 09:22:02.259386",1
473,6109.34,0.03,6109.33,6108.78,6107.38,6106.38,6105.5,6109.34,6109.64,6110.0,6110.56,6111.0,34.42638007,0.001,0.016,2.1,0.06577763,5.71899981,1.63527,0.105,1.0,0.004,"20180628 09:22:07.279421","20180628 09:22:02.273019",1
488,6109.34,0.03,6109.33,6108.78,6107.38,6106.38,6105.5,6109.34,6109.64,6110.0,6110.56,6111.0,34.42638007,0.001,0.016,2.1,0.06577763,5.71899981,1.63527,0.105,1.0,0.004,"20180628 09:22:07.351615","20180628 09:22:02.271436",1
908,6109.34,0.03,6109.33,6108.78,6107.34,6106.38,6105.5,6109.34,6109.64,6110.0,6110.56,6111.0,34.42638007,0.001,0.016,2.1,0.06577763,5.72066381,1.63527,0.105,1.0,0.004,"20180628 09:22:08.109836","20180628 09:22:02.269444",1
59,6109.34,0.03,6109.33,6107.78,6107.34,6106.78,6106.38,6109.34,6109.64,6110.0,6110.56,6111.0,34.42638007,0.001,0.016,0.001,2.1,5.72066381,1.63527,0.105,1.0,0.004,"20180628 09:22:08.516697","20180628 09:22:02.265098",1
70,6109.34,0.03,6109.33,6107.34,6106.38,6105.5,6105.05,6109.34,6109.64,6110.0,6110.56,6111.0,34.42638007,0.016,2.1,0.06577763,1.63591,5.72066381,1.63527,0.105,1.0,0.004,"20180628 09:22:08.984872","20180628 09:22:02.259386",1
166,6109.34,0.03,6109.33,6107.34,6106.38,6105.5,6105.05,6109.34,6109.64,6110.0,6110.56,6111.0,34.42638007,0.016,2.1,0.06577763,1.63591,5.72066381,1.63527,0.105,1.0,0.004,"20180628 09:22:09.121195","20180628 09:22:02.381617",1
474,6109.34,0.03,6109.33,6107.36,6106.38,6105.5,6105.05,6109.34,6109.64,6110.0,6110.56,6111.0,34.42638007,0.016,2.1,0.06577763,1.63591,5.72066381,1.63527,0.105,1.0,0.004,"20180628 09:22:09.130243","20180628 09:22:02.273019",1
489,6109.34,0.03,6109.33,6107.36,6106.38,6105.5,6105.05,6109.34,6109.64,6110.0,6110.56,6111.0,34.42638007,0.016,2.1,0.06577763,1.63591,5.72066381,1.63527,0.105,1.0,0.004,"20180628 09:22:09.227955","20180628 09:22:02.271436",1
60,6109.34,0.03,6109.33,6107.3,6106.78,6106.38,6105.5,6109.34,6109.64,6110.0,6110.56,6111.0,34.42638007,0.016,0.001,2.1,0.06577763,5.72066381,1.63527,0.105,1.0,0.004,"20180628 09:22:10.388948","20180628 09:22:02.265098",1
909,6109.34,0.03,6109.33,6107.3,6106.38,6105.5,6105.05,6109.34,6109.64,6110.0,6110.56,6111.0,34.42838007,0.016,2.1,0.06577763,1.63591,5.72066381,1.63527,0.105,1.0,0.004,"20180628 09:22:10.512615","20180628 09:22:02.269444",1
475,6109.34,0.03,6109.33,6107.3,6106.38,6105.5,6105.05,6109.34,6109.64,6110.0,6110.56,6111.0,34.42638007,0.016,2.1,0.06577763,1.63591,5.72066381,1.63527,0.105,1.0,0.004,"20180628 09:22:10.980954","20180628 09:22:02.273019",1
490,6109.34,0.03,6109.33,6107.3,6106.38,6105.5,6105.05,6109.34,6109.64,6110.0,6110.56,6111.0,34.42638007,0.016,2.1,0.06577763,1.63591,5.72066381,1.63527,0.105,1.0,0.004,"20180628 09:22:11.090704","20180628 09:22:02.271436",1
167,6109.34,0.03,6109.33,6107.33,6106.38,6105.5,6105.05,6109.34,6110.0,6110.56,6111.0,6112.65,34.42838007,0.016,2.1,0.06577763,1.63591,7.35609381,0.105,1.0,0.004,0.00122684,"20180628 09:22:11.544769","20180628 09:22:02.381617",1
61,6109.34,0.03,6109.33,6107.78,6107.3,6106.78,6106.38,6109.34,6110.0,6110.56,6111.0,6112.65,34.42838007,0.001,0.016,0.001,2.1,7.35609381,0.105,1.0,0.004,0.00122684,"20180628 09:22:12.240132","20180628 09:22:02.265098",1
71,6109.34,0.03,6109.33,6107.78,6107.3,6106.78,6106.38,6109.34,6110.0,6110.56,6111.0,6112.65,34.42838007,0.001,0.016,0.001,2.1,7.35609381,0.105,1.0,0.004,0.00122684,"20180628 09:22:12.245412","20180628 09:22:02.259386",1
910,6109.34,0.03,6109.33,6107.78,6107.3,6106.38,6105.5,6109.34,6110.0,6110.56,6111.0,6112.65,34.42838007,0.001,0.016,2.1,0.06577763,7.35609381,0.105,1.0,0.004,0.00122684,"20180628 09:22:12.384161","20180628 09:22:02.269444",1
476,6109.34,0.03,6109.33,6107.3,6106.38,6105.5,6105.05,6109.34,6110.0,6110.56,6111.0,6112.65,34.42638007,0.016,2.1,0.06577763,1.63591,7.35609381,0.105,1.0,0.004,0.00122684,"20180628 09:22:12.844482","20180628 09:22:02.273019",1
168,6109.34,0.03,6109.33,6107.33,6106.38,6105.5,6105.05,6109.34,6110.0,6110.56,6111.0,6112.65,34.42638007,0.016,2.1,0.06577763,1.63591,7.35609381,0.105,1.0,0.004,0.00122684,"20180628 09:22:13.408999","20180628 09:22:02.381617",1
491,6109.34,0.03,6109.33,6107.33,6106.38,6105.5,6105.05,6109.34,6110.0,6110.56,6111.0,6112.65,34.42638007,0.016,2.1,0.06577763,1.63591,7.35609381,0.105,1.0,0.004,0.00122684,"20180628 09:22:13.494306","20180628 09:22:02.271436",1
911,6109.34,0.03,6109.33,6107.78,6107.33,6106.38,6105.5,6109.34,6110.0,6110.56,6111.0,6112.65,34.42838007,0.001,0.016,2.1,0.06577763,7.35609381,0.105,1.0,0.004,0.00122684,"20180628 09:22:14.263075","20180628 09:22:02.269444",1
72,6109.34,0.03,6109.33,6107.78,6107.33,6106.38,6105.5,6109.34,6110.0,6110.56,6111.0,6112.65,34.42638007,0.001,0.016,2.1,0.06577763,7.35609381,0.105,1.0,0.004,0.00122684,"20180628 09:22:14.614158","20180628 09:22:02.259386",1
62,6109.34,0.03,6109.33,6107.78,6107.33,6106.38,6105.5,6109.34,6110.0,6110.56,6111.0,6112.65,34.42638007,0.001,0.016,2.1,0.06577763,7.35609381,0.105,1.0,0.004,0.00122684,"20180628 09:22:14.635182","20180628 09:22:02.265098",1
477,6109.34,0.03,6109.33,6107.78,6107.33,6106.38,6105.5,6109.34,6110.0,6110.56,6111.0,6112.65,34.42638007,0.001,0.016,2.1,0.06577763,7.35609381,0.105,1.0,0.004,0.00122684,"20180628 09:22:14.697957","20180628 09:22:02.273019",1
492,6109.34,0.03,6109.33,6107.35,6106.38,6105.5,6105.05,6109.34,6110.0,6110.56,6111.0,6112.65,34.42638007,0.016,2.1,0.06577763,1.63591,7.35609381,0.105,1.0,0.004,0.00122684,"20180628 09:22:15.351826","20180628 09:22:02.271436",1
169,6109.34,0.03,6109.33,6108.78,6107.78,6107.35,6106.38,6109.34,6110.0,6110.56,6111.0,6112.65,34.42638007,0.001,0.001,0.016,2.1,7.35609381,0.105,1.0,0.004,0.00122684,"20180628 09:22:15.819540","20180628 09:22:02.381617",1
73,6109.34,0.03,6109.33,6108.78,6107.35,6106.38,6105.5,6109.34,6110.0,6110.56,6111.0,6112.65,34.42638007,0.001,0.016,2.1,0.06577763,7.35609381,0.105,1.0,0.004,0.00122684,"20180628 09:22:16.480831","20180628 09:22:02.259386",1
478,6109.34,0.03,6109.33,6108.78,6107.35,6106.38,6105.5,6109.34,6110.0,6110.56,6111.0,6112.65,34.42638007,0.001,0.016,2.1,0.06577763,7.35609381,0.105,1.0,0.004,0.00122684,"20180628 09:22:16.551148","20180628 09:22:02.273019",1
912,6109.34,0.03,6109.33,6107.35,6106.38,6105.5,6105.05,6109.34,6110.0,6110.56,6111.0,6112.65,34.42638007,0.016,2.1,0.06577763,1.63591,7.35609381,0.105,1.0,0.004,0.00122684,"20180628 09:22:16.644158","20180628 09:22:02.269444",1
63,6109.34,0.03,6109.33,6107.35,6106.38,6105.5,6105.05,6109.34,6110.0,6110.56,6111.0,6112.65,34.42638007,0.016,2.1,0.06577763,1.63591,7.35609381,0.105,1.0,0.004,0.00122684,"20180628 09:22:17.038094","20180628 09:22:02.265098",1
493,6109.34,0.03,6109.33,6107.25,6106.38,6105.5,6105.05,6109.34,6110.0,6110.56,6111.0,6112.65,34.42838007,0.016,2.1,0.06577763,1.63591,7.35609381,0.105,1.0,0.004,0.00122684,"20180628 09:22:17.218758","20180628 09:22:02.271436",1
170,6109.34,0.03,6109.33,6107.25,6106.38,6105.5,6105.05,6109.34,6110.0,6110.56,6111.0,6112.65,34.42638007,0.016,2.1,0.06577763,1.63591,7.35609381,0.105,1.0,0.004,0.00122684,"20180628 09:22:17.702029","20180628 09:22:02.381617",1
479,6109.34,0.03,6109.33,6107.25,6106.38,6105.5,6105.05,6109.34,6110.0,6110.56,6111.0,6112.65,34.42838007,0.016,2.1,0.06577763,1.63591,7.35609381,0.105,1.0,0.004,0.00122684,"20180628 09:22:18.386801","20180628 09:22:02.273019",1
913,6109.34,0.03,6109.33,6107.78,6107.25,6106.38,6105.5,6109.34,6110.0,6110.56,6111.0,6112.65,34.42638007,0.001,0.016,2.1,0.06577763,7.35609381,0.105,1.0,0.004,0.00122684,"20180628 09:22:18.535873","20180628 09:22:02.269444",1
74,6109.34,0.03,6109.33,6107.78,6107.25,6106.38,6105.5,6109.34,6110.0,6110.56,6111.0,6112.65,34.42638007,0.001,0.016,2.1,0.06577763,7.35609381,0.105,1.0,0.004,0.00122684,"20180628 09:22:18.873261","20180628 09:22:02.259386",1
64,6109.34,0.03,6109.33,6107.78,6107.25,6106.38,6105.5,6109.34,6110.0,6110.56,6111.0,6112.65,34.42638007,0.001,0.016,2.1,0.06577763,7.35609381,0.105,1.0,0.004,0.00122684,"20180628 09:22:18.918049","20180628 09:22:02.265098",1
171,6109.34,0.03,6109.33,6107.21,6106.38,6105.5,6105.05,6109.34,6110.0,6110.56,6111.0,6112.65,34.42638007,0.016,2.1,0.06577763,1.63591,7.35609381,0.105,1.0,0.004,0.00122684,"20180628 09:22:19.574771","20180628 09:22:02.381617",1
480,6109.34,0.03,6109.33,6108.78,6107.21,6106.38,6105.5,6109.34,6110.0,6110.56,6111.0,6112.65,33.85638007,0.001,0.016,2.1,0.06577763,7.44609381,0.105,1.0,0.004,0.00122684,"20180628 09:22:20.248090","20180628 09:22:02.273019",1
75,6109.34,0.03,6109.33,6107.21,6106.38,6105.5,6105.05,6109.34,6110.0,6110.56,6111.0,6112.65,31.82238007,0.016,2.1,0.06577763,1.63591,7.44609381,0.105,1.0,0.004,0.00122684,"20180628 09:22:20.732794","20180628 09:22:02.259386",1
65,6109.34,0.03,6109.33,6107.21,6106.38,6105.5,6105.05,6109.34,6110.0,6110.56,6111.0,6112.65,31.82238007,0.016,2.1,0.06577763,1.63591,7.44609381,0.105,1.0,0.004,0.00122684,"20180628 09:22:20.797228","20180628 09:22:02.265098",1
914,6109.34,0.03,6109.33,6107.21,6106.38,6105.5,6105.05,6109.34,6110.0,6110.56,6111.0,6112.65,31.82238007,0.016,2.1,0.06577763,1.63591,7.44609381,0.105,1.0,0.004,0.00122684,"20180628 09:22:20.942488","20180628 09:22:02.269444",1
494,6109.34,0.03,6109.33,6107.14,6106.78,6106.38,6105.5,6109.34,6110.0,6110.56,6111.0,6112.65,33.85838007,0.016,0.001,2.1,0.06577763,7.44609381,0.105,1.0,0.004,0.00122684,"20180628 09:22:21.516529","20180628 09:22:02.271436",1
481,6109.34,0.03,6109.33,6107.14,6106.38,6105.5,6105.05,6109.34,6110.0,6110.56,6111.0,6112.65,34.42638007,0.016,2.1,0.06577763,1.63591,7.35609381,0.105,1.0,0.004,0.00122684,"20180628 09:22:22.127291","20180628 09:22:02.273019",1
172,6109.34,0.03,6109.33,6108.78,6107.16,6106.38,6105.5,6109.34,6110.0,6110.56,6111.0,6112.65,33.85838007,0.001,0.016,2.1,0.06577763,7.44609381,0.105,1.0,0.004,0.00122684,"20180628 09:22:22.474298","20180628 09:22:02.381617",1
915,6109.34,0.03,6109.33,6107.78,6107.16,6106.78,6106.38,6109.34,6110.0,6110.56,6111.0,6112.65,33.85838007,0.001,0.016,0.001,2.1,7.44609381,0.105,1.0,0.004,0.00122684,"20180628 09:22:22.840167","20180628 09:22:02.269444",1
66,6109.34,0.03,6109.33,6107.78,6107.16,6106.78,6106.38,6109.34,6110.0,6110.56,6111.0,6112.65,33.85838007,0.001,0.016,0.001,2.1,7.44609381,0.105,1.0,0.004,0.00122684,"20180628 09:22:23.041292","20180628 09:22:02.265098",1
495,6109.34,0.03,6109.33,6107.78,6107.12,6106.38,6105.5,6109.34,6110.0,6110.56,6111.0,6112.65,34.42638007,0.001,0.016,2.1,0.06577763,7.35609381,0.105,1.0,0.004,0.00122684,"20180628 09:22:23.397762","20180628 09:22:02.271436",1
482,6109.34,0.03,6109.33,6107.12,6106.38,6105.5,6105.05,6109.34,6110.0,6110.56,6111.0,6112.65,34.42838007,0.016,2.1,0.06577763,1.63591,7.35609381,0.105,1.0,0.004,0.00122684,"20180628 09:22:24.012410","20180628 09:22:02.273019",1
173,6109.34,0.03,6109.33,6108.78,6107.78,6107.22,6106.38,6109.34,6110.0,6110.56,6111.0,6112.65,34.42638007,0.001,0.001,0.016,2.1,7.35609381,0.105,1.0,0.004,0.00122684,"20180628 09:22:24.375016","20180628 09:22:02.381617",1
76,6109.34,0.03,6109.33,6108.78,6107.78,6107.22,6106.38,6109.34,6110.0,6110.56,6111.0,6112.65,34.42638007,0.001,0.001,0.016,2.1,7.35609381,0.105,1.0,0.004,0.00122684,"20180628 09:22:24.547053","20180628 09:22:02.259386",1
916,6109.34,0.03,6109.33,6106.78,6106.38,6105.5,6105.05,6109.34,6110.0,6110.56,6111.0,6112.65,34.43888007,0.001,2.1,0.06577763,1.63591,7.35609381,0.105,1.0,0.004,0.00122684,"20180628 09:22:25.237841","20180628 09:22:02.269444",1
496,6109.34,0.03,6109.33,6106.78,6106.38,6105.5,6105.05,6109.34,6110.0,6110.56,6111.0,6112.65,34.43888007,0.001,2.1,0.06577763,1.63591,7.35609381,0.105,1.0,0.004,0.00122684,"20180628 09:22:25.287821","20180628 09:22:02.271436",1
483,6109.34,0.03,6109.33,6106.38,6105.5,6105.05,6105.0,6109.34,6110.0,6110.56,6111.0,6112.65,34.43888007,2.1,0.06577763,1.63591,1.0,7.35609381,0.105,1.0,0.004,0.00122684,"20180628 09:22:25.914700","20180628 09:22:02.273019",1
67,6109.34,0.03,6109.33,6107.2,6106.38,6105.5,6105.05,6109.34,6110.0,6110.56,6111.0,6112.65,34.43888007,0.016,2.1,0.06577763,1.63591,7.35609381,0.105,1.0,0.004,0.00122684,"20180628 09:22:25.957707","20180628 09:22:02.265098",1
174,6109.34,0.03,6109.33,6106.38,6105.5,6105.05,6105.0,6109.34,6110.0,6110.56,6111.0,6112.65,34.44088007,2.1,0.06577763,1.63591,1.0,7.35609381,0.105,1.0,0.004,0.00122684,"20180628 09:22:26.230945","20180628 09:22:02.381617",1
77,6109.34,0.03,6109.33,6107.18,6106.38,6105.5,6105.05,6109.34,6110.0,6110.56,6111.0,6112.65,34.44088007,0.016,2.1,0.06577763,1.63591,7.35609381,0.105,1.0,0.004,0.00122684,"20180628 09:22:26.448838","20180628 09:22:02.259386",1
497,6109.34,0.03,6109.33,6108.78,6107.78,6107.2,6106.38,6109.34,6110.0,6110.56,6111.0,6112.65,34.44088007,0.001,0.001,0.016,2.1,7.35609381,0.105,1.0,0.004,0.00122684,"20180628 09:22:27.189951","20180628 09:22:02.271436",1
68,6109.34,0.03,6109.33,6108.78,6107.78,6107.2,6106.78,6109.34,6110.0,6110.56,6111.0,6112.65,34.43888007,0.001,0.001,0.016,0.001,7.35609381,0.105,1.0,0.004,0.00122684,"20180628 09:22:27.855289","20180628 09:22:02.265098",1
175,6109.34,0.03,6109.33,6108.78,6107.78,6106.78,6106.38,6109.34,6110.0,6110.56,6111.0,6112.65,34.44088007,0.001,0.001,0.001,2.1,7.35609381,0.105,1.0,0.004,0.00122684,"20180628 09:22:28.126390","20180628 09:22:02.381617",1
484,6109.34,0.03,6109.33,6108.78,6107.78,6107.1,6106.78,6109.34,6110.0,6110.56,6111.0,6112.65,34.44088007,0.001,0.001,0.016,0.001,7.35609381,0.105,1.0,0.004,0.00122684,"20180628 09:22:28.244528","20180628 09:22:02.273019",1
78,6109.34,0.03,6109.33,6108.78,6107.78,6107.1,6106.78,6109.34,6110.0,6110.56,6111.0,6112.65,34.43888007,0.001,0.001,0.016,0.001,7.35609381,0.105,1.0,0.004,0.00122684,"20180628 09:22:28.323436","20180628 09:22:02.259386",1
917,6109.34,0.03,6109.33,6108.78,6107.78,6107.1,6106.78,6109.34,6110.0,6110.56,6111.0,6112.65,34.43888007,0.001,0.001,0.016,0.001,7.35609381,0.105,1.0,0.004,0.00122684,"20180628 09:22:29.081081","20180628 09:22:02.269444",1
498,6109.34,0.03,6109.33,6108.78,6107.78,6107.1,6106.78,6109.34,6110.0,6110.56,6111.0,6112.65,34.43888007,0.001,0.001,0.016,0.001,7.35609381,0.105,1.0,0.004,0.00122684,"20180628 09:22:29.087919","20180628 09:22:02.271436",1
69,6109.34,0.03,6109.33,6108.78,6107.78,6107.1,6106.78,6109.34,6110.0,6110.56,6111.0,6112.65,34.43888007,0.001,0.001,0.016,0.001,7.35609381,0.105,1.0,0.004,0.00122684,"20180628 09:22:29.749159","20180628 09:22:02.265098",1
176,6109.34,0.03,6109.33,6108.78,6107.78,6107.1,6106.78,6109.34,6110.0,6110.56,6111.0,6112.65,34.43888007,0.001,0.001,0.016,0.001,7.35609381,0.105,1.0,0.004,0.00122684,"20180628 09:22:30.002378","20180628 09:22:02.381617",1
485,6109.34,0.03,6109.33,6108.78,6107.78,6106.78,6106.38,6109.34,6110.0,6110.56,6111.0,6112.65,34.43888007,0.001,0.001,0.001,2.1,7.35609381,0.105,1.0,0.004,0.00122684,"20180628 09:22:30.133512","20180628 09:22:02.273019",1
79,6109.34,0.03,6109.33,6108.78,6107.78,6107.06,6106.78,6109.34,6110.0,6110.56,6111.0,6112.65,34.43888007,0.001,0.001,0.016,0.001,7.35609381,0.105,1.0,0.004,0.00122684,"20180628 09:22:30.753120","20180628 09:22:02.259386",1
918,6109.34,0.03,6109.33,6108.78,6107.78,6107.06,6106.78,6109.34,6110.0,6110.56,6111.0,6112.65,34.43888007,0.001,0.001,0.016,0.001,7.35609381,0.105,1.0,0.004,0.00122684,"20180628 09:22:30.977609","20180628 09:22:02.269444",1
499,6109.34,0.03,6109.33,6107.78,6107.11,6106.78,6106.38,6109.34,6110.0,6110.56,6111.0,6112.65,34.43888007,0.001,0.016,0.001,2.1,7.35609381,0.105,1.0,0.004,0.00122684,"20180628 09:22:31.523794","20180628 09:22:02.271436",1
177,6109.34,0.03,6109.33,6107.11,6106.78,6106.38,6105.5,6109.34,6110.0,6110.56,6111.0,6112.65,34.44088007,0.016,0.001,2.1,0.06577763,7.35609381,0.105,1.0,0.004,0.00122684,"20180628 09:22:31.873427","20180628 09:22:02.381617",1
486,6109.34,0.03,6109.33,6107.11,6106.78,6106.38,6105.5,6109.34,6110.0,6110.56,6111.0,6112.65,34.44088007,0.016,0.001,2.1,0.06577763,7.35609381,0.105,1.0,0.004,0.00122684,"20180628 09:22:32.000261","20180628 09:22:02.273019",1
70,6109.34,0.03,6109.33,6107.12,6106.38,6105.5,6105.05,6109.34,6110.0,6110.56,6111.0,6112.65,34.43888007,0.016,2.1,0.06577763,1.63591,7.35609381,0.105,1.0,0.004,0.00122684,"20180628 09:22:32.638920","20180628 09:22:02.265098",1
80,6109.34,0.03,6109.33,6107.12,6106.38,6105.5,6105.05,6109.34,6110.0,6110.56,6111.0,6112.65,34.43888007,0.016,2.1,0.06577763,1.63591,7.35609381,0.105,1.0,0.004,0.00122684,"20180628 09:22:32.994024","20180628 09:22:02.259386",1
919,6109.34,0.03,6109.33,6108.78,6107.21,6106.78,6106.38,6109.34,6110.0,6110.56,6111.0,6112.65,34.43888007,0.001,0.016,0.001,2.1,7.35609381,0.105,1.0,0.004,0.00122684,"20180628 09:22:33.422641","20180628 09:22:02.269444",1
500,6109.34,0.03,6109.33,6108.78,6107.21,6106.78,6106.38,6109.34,6110.0,6110.56,6111.0,6112.65,34.43888007,0.001,0.016,0.001,2.1,7.35609381,0.105,1.0,0.004,0.00122684,"20180628 09:22:33.579833","20180628 09:22:02.271436",1
178,6109.34,0.03,6109.33,6108.78,6107.21,6106.78,6106.38,6109.34,6110.0,6110.56,6111.0,6112.65,34.43888007,0.001,0.016,0.001,2.1,7.35609381,0.105,1.0,0.004,0.00122684,"20180628 09:22:33.754562","20180628 09:22:02.381617",1
487,6109.34,0.03,6109.33,6108.78,6107.21,6106.78,6106.38,6109.34,6110.0,6110.56,6111.0,6112.65,34.43888007,0.001,0.016,0.001,2.1,7.35609381,0.105,1.0,0.004,0.00122684,"20180628 09:22:33.886983","20180628 09:22:02.273019",1
71,6109.34,0.03,6109.33,6107.26,6106.38,6105.5,6105.05,6109.34,6110.0,6110.56,6111.0,6112.65,34.44088007,0.016,2.1,0.06577763,1.63591,7.35709381,0.105,1.0,0.004,0.00122684,"20180628 09:22:34.549130","20180628 09:22:02.265098",1
920,6109.34,0.03,6109.33,6106.38,6105.5,6105.05,6105.0,6109.34,6110.0,6110.56,6111.0,6112.65,34.43888007,2.1,0.06577763,1.63591,1.0,7.35709381,0.105,1.0,0.004,0.00122684,"20180628 09:22:35.304300","20180628 09:22:02.269444",1
501,6109.34,0.03,6109.33,6106.38,6105.5,6105.05,6105.0,6109.34,6110.0,6110.56,6111.0,6112.65,34.43888007,2.1,0.06577763,1.63591,1.0,7.35709381,0.105,1.0,0.004,0.00122684,"20180628 09:22:35.444864","20180628 09:22:02.271436",1
488,6109.34,0.03,6109.33,6107.27,6106.38,6105.5,6105.05,6109.34,6110.0,6110.56,6111.0,6112.65,34.43888007,0.016,2.1,0.06577763,1.63591,7.35709381,0.105,1.0,0.004,0.00122684,"20180628 09:22:35.748914","20180628 09:22:02.273019",1
72,6109.34,0.03,6109.33,6107.21,6106.38,6105.5,6105.05,6109.34,6110.0,6110.56,6111.0,6112.65,34.44088007,0.016,2.1,0.06577763,1.63591,7.35709381,0.105,1.0,0.004,0.00122684,"20180628 09:22:36.425974","20180628 09:22:02.265098",1
81,6109.34,0.09531058,6109.33,6107.12,6106.38,6105.5,6105.05,6109.34,6110.0,6110.56,6111.0,6112.65,34.43888007,0.016,2.1,0.06577763,1.63591,7.35609381,0.105,1.0,0.004,0.00122684,"20180628 09:22:32.994024","20180628 09:22:36.497637",2
502,6109.34,0.09531058,6109.33,6106.38,6105.5,6105.05,6105.0,6109.34,6110.0,6110.56,6111.0,6112.65,34.43888007,2.1,0.06577763,1.63591,1.0,7.35709381,0.105,1.0,0.004,0.00122684,"20180628 09:22:35.444864","20180628 09:22:36.509781",2
73,6109.34,0.09531058,6109.33,6107.21,6106.38,6105.5,6105.05,6109.34,6110.0,6110.56,6111.0,6112.65,34.44088007,0.016,2.1,0.06577763,1.63591,7.35709381,0.105,1.0,0.004,0.00122684,"20180628 09:22:36.425974","20180628 09:22:36.514012",2
503,6109.34,0.00138,6109.33,6106.38,6105.5,6105.05,6105.0,6109.34,6110.0,6110.56,6111.0,6112.65,34.43888007,2.1,0.06577763,1.63591,1.0,7.35709381,0.105,1.0,0.004,0.00122684,"20180628 09:22:35.444864","20180628 09:22:36.522779",2
74,6109.34,0.00138,6109.33,6107.21,6106.38,6105.5,6105.05,6109.34,6110.0,6110.56,6111.0,6112.65,34.44088007,0.016,2.1,0.06577763,1.63591,7.35709381,0.105,1.0,0.004,0.00122684,"20180628 09:22:36.425974","20180628 09:22:36.524369",2
75,6109.34,0.001,6109.33,6107.21,6106.38,6105.5,6105.05,6109.34,6110.0,6110.56,6111.0,6112.65,34.44088007,0.016,2.1,0.06577763,1.63591,7.35709381,0.105,1.0,0.004,0.00122684,"20180628 09:22:36.425974","20180628 09:22:36.525734",2
489,6109.34,0.09531058,6109.33,6107.27,6106.38,6105.5,6105.05,6109.34,6110.0,6110.56,6111.0,6112.65,34.43888007,0.016,2.1,0.06577763,1.63591,7.35709381,0.105,1.0,0.004,0.00122684,"20180628 09:22:35.748914","20180628 09:22:36.525742",2
490,6109.34,0.00138,6109.33,6107.27,6106.38,6105.5,6105.05,6109.34,6110.0,6110.56,6111.0,6112.65,34.43888007,0.016,2.1,0.06577763,1.63591,7.35709381,0.105,1.0,0.004,0.00122684,"20180628 09:22:35.748914","20180628 09:22:36.527029",2
76,6109.34,0.153996,6109.33,6107.21,6106.38,6105.5,6105.05,6109.34,6110.0,6110.56,6111.0,6112.65,34.44088007,0.016,2.1,0.06577763,1.63591,7.35709381,0.105,1.0,0.004,0.00122684,"20180628 09:22:36.425974","20180628 09:22:36.527157",2
491,6109.34,0.001,6109.33,6107.27,6106.38,6105.5,6105.05,6109.34,6110.0,6110.56,6111.0,6112.65,34.43888007,0.016,2.1,0.06577763,1.63591,7.35709381,0.105,1.0,0.004,0.00122684,"20180628 09:22:35.748914","20180628 09:22:36.528196",2
492,6109.34,0.153996,6109.33,6107.27,6106.38,6105.5,6105.05,6109.34,6110.0,6110.56,6111.0,6112.65,34.43888007,0.016,2.1,0.06577763,1.63591,7.35709381,0.105,1.0,0.004,0.00122684,"20180628 09:22:35.748914","20180628 09:22:36.529369",2
493,6109.34,0.12841342,6109.33,6107.27,6106.38,6105.5,6105.05,6109.34,6110.0,6110.56,6111.0,6112.65,34.43888007,0.016,2.1,0.06577763,1.63591,7.35709381,0.105,1.0,0.004,0.00122684,"20180628 09:22:35.748914","20180628 09:22:36.530392",2
