"id","trade_px","trade_volume","b1","b2","b3","b4","b5","a1","a2","a3","a4","a5","bq1","bq2","bq3","bq4","bq5","aq1","aq2","aq3","aq4","aq5","order_date_time","trades_date_time","update_type"
1,0.0,0.0,0.07080201,0.07080101,0.0708,0.07072001,0.07072,0.07103,0.0713,0.07131,0.07131399,0.071314,2.2555,4.4973,35.4188163,1.60983472,0.0898,0.36099679,0.1081,27.7147,102.93,9.0,"20180628 09:20:18.276049","20000101 00:00:00.000000",1
41,0.0708,0.10429016,0.07080201,0.07080101,0.0708,0.07072001,0.07072,0.07103,0.07129998,0.07129999,0.0713,0.07131,2.2555,4.4973,35.4188163,1.60983472,0.0898,0.36099679,99.219,2.09529134,0.1081,27.7147,"20180628 09:20:19.225555","20180628 09:20:03.260000",1
276,0.07100771,0.036,0.07080201,0.07080101,0.0708,0.07073,0.07071316,0.07103,0.07129899,0.071299,0.07129997,0.0713,2.2555,4.4973,35.4188163,0.0898,27.11355142,0.36099679,99.765,9.0,2.09529134,0.1081,"20180628 09:20:19.531936","20180628 09:18:30.110000",1
2,0.0,0.0,0.07080201,0.07080101,0.0708,0.07073,0.07071316,0.07103,0.07129899,0.071299,0.07129997,0.0713,2.2555,4.4973,35.4188163,0.0898,27.11355142,0.36099679,99.765,9.0,2.09529134,0.1081,"20180628 09:20:19.868707","20000101 00:00:00.000000",1
18,0.0708,0.10429016,0.07080201,0.07080101,0.0708,0.07073,0.07071316,0.07103,0.07129899,0.071299,0.07129998,0.07129999,2.2555,4.4973,35.4188163,0.0898,27.11355142,0.36099679,99.765,9.0,99.219,2.09529134,"20180628 09:20:19.922015","20180628 09:20:03.260000",1
257,0.07100771,0.036,0.07080201,0.07080101,0.0708,0.07073,0.07071316,0.07103,0.07129899,0.071299,0.07129997,0.0713,2.2555,4.4973,35.4188163,0.0898,27.11355142,0.36099679,99.765,9.0,2.09529134,0.1081,"20180628 09:20:20.133990","20180628 09:18:30.110000",1
42,0.0708,0.10429016,0.07080201,0.07080101,0.0708,0.07073,0.07071316,0.07103,0.07129899,0.071299,0.07129997,0.0713,2.2555,4.4973,35.4188163,0.0898,27.11355142,0.36099679,99.765,9.0,2.09529134,0.1081,"20180628 09:20:20.842594","20180628 09:20:03.260000",1
277,0.07100771,0.036,0.07080201,0.0708,0.07073,0.07071316,0.07070654,0.07103,0.07128,0.07129899,0.071299,0.07129997,2.2555,35.4188163,0.0898,27.11355142,1.61014135,0.36099679,0.1081,99.765,9.0,2.09529134,"20180628 09:20:21.245484","20180628 09:18:30.110000",1
258,0.07100771,0.036,0.07080301,0.07080201,0.0708,0.07073,0.07071316,0.07103,0.07128,0.07129899,0.071299,0.07129997,4.4971,2.2555,35.4188163,0.0898,27.11355142,0.36099679,0.1081,99.765,9.0,2.09529134,"20180628 09:20:21.824433","20180628 09:18:30.110000",1
19,0.0708,0.10429016,0.07080201,0.0708,0.07073,0.07071316,0.07070654,0.07103,0.07128,0.07129899,0.071299,0.07129997,2.2555,35.4188163,0.0898,27.11355142,1.61014135,0.36099679,0.1081,99.765,9.0,2.09529134,"20180628 09:20:21.873773","20180628 09:20:03.260000",1
3,0.0,0.0,0.07080201,0.0708,0.07073,0.07071316,0.07070654,0.07103,0.07128,0.07129899,0.071299,0.07129997,2.2555,35.4188163,0.0898,27.11355142,1.61014135,0.36099679,0.1081,99.765,9.0,2.09529134,"20180628 09:20:21.907147","20000101 00:00:00.000000",1
43,0.0708,0.10429016,0.07080201,0.0708,0.07073,0.07071316,0.07070654,0.07103,0.07128,0.07129899,0.071299,0.07129997,2.2555,35.4188163,0.0898,27.11355142,1.61014135,0.36099679,0.1081,99.765,9.0,2.09529134,"20180628 09:20:22.477607","20180628 09:20:03.260000",1
259,0.07100771,0.036,0.07080301,0.07080201,0.0708,0.07073,0.07071316,0.07103,0.07128,0.07129897,0.07129898,0.071299,4.4971,2.2555,35.4188163,0.0898,27.11355142,0.36099679,0.1081,100.965,2.09529133,9.0,"20180628 09:20:23.555329","20180628 09:18:30.110000",1
44,0.0708,0.10429016,0.07080301,0.07080201,0.0708,0.07073,0.07071316,0.07103,0.07128,0.07129,0.07129897,0.07129898,4.4971,2.2555,35.4188163,0.0898,27.11355142,0.36099679,0.1081,27.6766,100.965,2.09529133,"20180628 09:20:24.068247","20180628 09:20:03.260000",1
278,0.07100771,0.036,0.07080301,0.07080201,0.0708,0.07073,0.07071316,0.07103,0.07128,0.07129,0.07129897,0.07129898,4.4971,2.2555,35.4188163,0.0898,27.11355142,0.36099679,0.1081,27.6766,100.965,2.09529133,"20180628 09:20:24.438163","20180628 09:18:30.110000",1
20,0.0708,0.10429016,0.07080301,0.07080201,0.0708,0.07073,0.07071316,0.07103,0.07128,0.07129,0.07129897,0.07129898,4.4971,2.2555,35.4188163,0.0898,27.11355142,0.36099679,0.1081,27.6766,100.965,2.09529133,"20180628 09:20:25.075723","20180628 09:20:03.260000",1
260,0.07100771,0.036,0.07080301,0.07080201,0.0708,0.07073,0.07071316,0.07103,0.07128,0.07129,0.07129897,0.07129898,4.4971,2.2555,35.4188163,0.0898,27.11355142,0.36099679,0.1081,27.6766,100.965,2.09529133,"20180628 09:20:25.144855","20180628 09:18:30.110000",1
4,0.0,0.0,0.07080302,0.07080301,0.0708,0.07073,0.07070654,0.07103,0.07127999,0.07128,0.07128999,0.07129,2.64134668,4.4971,35.4188163,0.0898,1.61014135,0.36099679,2.09529128,0.1081,107.514,27.6766,"20180628 09:20:25.385672","20000101 00:00:00.000000",1
45,0.0708,0.10429016,0.07080302,0.07080301,0.0708,0.07073,0.07070654,0.07103,0.07127999,0.07128,0.07128999,0.07129,2.64134668,4.4971,35.4188163,0.0898,1.61014135,0.36099679,2.09529128,0.1081,107.514,27.6766,"20180628 09:20:25.670087","20180628 09:20:03.260000",1
279,0.07100771,0.036,0.07080302,0.07080301,0.0708,0.07073,0.07070654,0.07103,0.07127999,0.07128,0.07128999,0.07129,2.64134668,4.4971,35.4188163,0.0898,1.61014135,0.36099679,2.09529128,0.1081,107.514,27.6766,"20180628 09:20:26.041417","20180628 09:18:30.110000",1
21,0.0708,0.10429016,0.07080302,0.07080301,0.0708,0.07073,0.07070654,0.07103,0.07127999,0.07128,0.07128999,0.07129,2.64134668,4.4971,35.4188163,0.0898,1.61014135,0.36099679,2.09529128,0.1081,107.514,27.6766,"20180628 09:20:26.681891","20180628 09:20:03.260000",1
261,0.07100771,0.036,0.07080302,0.07080301,0.0708,0.07073,0.07070654,0.07103,0.07127999,0.07128,0.07128999,0.07129,2.64134668,4.4971,35.4188163,0.0898,1.61014135,0.36099679,2.09529128,0.1081,107.514,27.6766,"20180628 09:20:26.772145","20180628 09:18:30.110000",1
46,0.0708,0.10429016,0.07080401,0.07080301,0.0708,0.07073,0.07070003,0.07103,0.07127374,0.07127375,0.07128,0.07128999,2.2555,4.4971,35.4188163,0.0898,1.61028956,0.36099679,2.09529127,0.028,0.1081,107.514,"20180628 09:20:27.395506","20180628 09:20:03.260000",1
280,0.07100771,0.036,0.07080401,0.07080301,0.0708,0.07073,0.07070003,0.07103,0.07127374,0.07127375,0.07128,0.07128999,2.2555,4.4971,35.4188163,0.0898,1.61028956,0.36099679,2.09529127,0.028,0.1081,107.514,"20180628 09:20:27.741631","20180628 09:18:30.110000",1
22,0.0708,0.10429016,0.07080401,0.07080301,0.0708,0.07073,0.07070002,0.07103,0.07127374,0.07127375,0.07128,0.07128999,2.2555,4.4971,35.4188163,0.0898,0.17152317,0.36099679,2.09529127,0.028,0.1081,107.514,"20180628 09:20:28.325981","20180628 09:20:03.260000",1
262,0.07100771,0.036,0.07080401,0.07080301,0.0708,0.07073,0.07070002,0.07103,0.07127374,0.07127375,0.07128,0.07128999,2.2555,4.4971,35.4188163,0.0898,0.17152317,0.36099679,2.09529127,0.028,0.1081,107.514,"20180628 09:20:28.362359","20180628 09:18:30.110000",1
47,0.0708,0.10429016,0.07080401,0.07080301,0.0708,0.07073,0.07070002,0.07103,0.07127374,0.07127375,0.07128,0.07128999,2.2555,4.4971,35.4188163,0.0898,0.17152317,0.36099679,2.09529127,0.028,0.1081,107.514,"20180628 09:20:29.011545","20180628 09:20:03.260000",1
5,0.0,0.0,0.07080401,0.07080301,0.0708,0.07073,0.07070002,0.07103,0.07127374,0.07127375,0.07128,0.07128999,2.2555,4.4971,35.4188163,0.0898,0.17152317,0.36099679,2.09529127,0.028,0.1081,107.514,"20180628 09:20:29.067926","20000101 00:00:00.000000",1
281,0.07100771,0.036,0.07080401,0.07080301,0.0708,0.07073,0.07070002,0.07103,0.07127374,0.07127375,0.07128,0.07128999,2.2555,4.4971,35.4188163,0.0898,0.17152317,0.36099679,2.09529127,0.028,0.1081,107.514,"20180628 09:20:29.453284","20180628 09:18:30.110000",1
23,0.0708,0.10429016,0.07080401,0.0708,0.07073,0.07070002,0.0707,0.07103,0.07127374,0.07127375,0.07128,0.07128999,2.2555,35.4188163,0.0898,0.17152317,12.06827631,0.35377128,2.09529127,0.028,0.1081,107.514,"20180628 09:20:30.047766","20180628 09:20:03.260000",1
263,0.07100771,0.036,0.07080501,0.07080401,0.0708,0.07073,0.07070002,0.07103,0.07127199,0.071272,0.07127374,0.07127375,4.497,2.2555,35.4188163,0.0898,0.17152317,0.34654577,96.381,9.0,2.09529127,0.028,"20180628 09:20:30.099267","20180628 09:18:30.110000",1
48,0.0708,0.10429016,0.07080501,0.07080401,0.0708,0.07073,0.07070002,0.07103,0.071272,0.07127373,0.07127374,0.07127375,4.497,2.2555,35.4188163,0.0898,0.17152317,0.34654577,9.0,97.582,2.09529127,0.028,"20180628 09:20:30.629211","20180628 09:20:03.260000",1
6,0.0,0.0,0.07080501,0.07080401,0.0708,0.07073,0.07070002,0.07103,0.071272,0.07127373,0.07127374,0.07127375,4.497,2.2555,35.4188163,0.0898,0.17152317,0.34654577,9.0,97.582,2.09529127,0.028,"20180628 09:20:30.676198","20000101 00:00:00.000000",1
282,0.07100771,0.036,0.07080501,0.07080401,0.0708,0.07073,0.07070002,0.07103,0.071272,0.07127373,0.07127374,0.07127375,4.497,2.2555,35.4188163,0.0898,0.17152317,0.34654577,9.0,97.582,2.09529127,0.028,"20180628 09:20:31.055101","20180628 09:18:30.110000",1
24,0.0708,0.10429016,0.07080501,0.07080401,0.0708,0.07073,0.07070002,0.07103,0.071272,0.07127373,0.07127374,0.07127375,4.497,2.2555,35.4188163,0.0898,0.17152317,0.34654577,9.0,97.582,2.09529127,0.028,"20180628 09:20:31.679428","20180628 09:20:03.260000",1
264,0.07100771,0.036,0.07080501,0.07080401,0.0708,0.07073,0.07070002,0.07103,0.071272,0.07127373,0.07127374,0.07127375,4.497,2.2555,35.4188163,0.0898,0.17152317,0.34654577,9.0,97.582,2.09529127,0.028,"20180628 09:20:31.704575","20180628 09:18:30.110000",1
283,0.07100771,0.036,0.07080502,0.07080501,0.07080401,0.0708,0.07073,0.07103,0.07125999,0.07126,0.07127198,0.071272,2.64134668,4.497,2.2555,35.4188163,0.0898,0.34654577,94.744,27.7086,2.09529128,9.0,"20180628 09:20:32.663118","20180628 09:18:30.110000",1
265,0.07100771,0.036,0.07080502,0.07080501,0.07080401,0.0708,0.07073,0.07103,0.07125999,0.07126,0.07127198,0.071272,2.64134668,4.497,2.2555,35.4188163,0.0898,0.34654577,94.744,27.7086,2.09529128,9.0,"20180628 09:20:33.303810","20180628 09:18:30.110000",1
25,0.0708,0.10429016,0.07080502,0.07080501,0.07080401,0.0708,0.07073,0.07103,0.07125999,0.07126,0.07127198,0.071272,2.64134668,4.497,2.2555,35.4188163,0.0898,0.34654577,94.744,27.7086,2.09529128,9.0,"20180628 09:20:33.316076","20180628 09:20:03.260000",1
7,0.0,0.0,0.07080502,0.07080501,0.07080401,0.0708,0.07073,0.07103,0.07125999,0.07126,0.07127198,0.071272,2.64134668,4.497,2.2555,35.4188163,0.0898,0.34654577,94.744,27.7086,2.09529128,9.0,"20180628 09:20:33.867573","20000101 00:00:00.000000",1
49,0.0708,0.10429016,0.07080502,0.07080501,0.07080401,0.0708,0.07073,0.07103,0.07125999,0.07126,0.07127198,0.071272,2.64134668,4.497,2.2555,35.4188163,0.0898,0.34654577,94.744,27.7086,2.09529128,9.0,"20180628 09:20:33.873332","20180628 09:20:03.260000",1
284,0.07100771,0.036,0.07080502,0.07080501,0.07080401,0.0708,0.07073,0.07103,0.07125999,0.07126,0.07127196,0.07127197,2.64134668,4.497,2.2555,35.4188163,0.0898,0.1464102,94.744,27.7086,2.09529128,2.09529128,"20180628 09:20:34.393969","20180628 09:18:30.110000",1
266,0.07100771,0.036,0.07080502,0.07080501,0.07080401,0.0708,0.07073,0.07103,0.07125999,0.07126,0.07127197,0.07127198,2.64134668,4.497,2.2555,35.4188163,0.0898,0.1464102,94.744,27.7086,2.09529128,2.09529128,"20180628 09:20:35.056629","20180628 09:18:30.110000",1
26,0.0708,0.10429016,0.07080502,0.07080501,0.07080401,0.0708,0.07073,0.07103,0.07125999,0.07126,0.07127196,0.07127197,2.64134668,4.497,2.2555,35.4188163,0.0898,0.1464102,94.744,27.7086,2.09529128,2.09529128,"20180628 09:20:35.074845","20180628 09:20:03.260000",1
8,0.0,0.0,0.07080502,0.07080501,0.0708,0.07073,0.07070002,0.07103,0.07125999,0.07126,0.07127196,0.07127197,2.64134668,4.497,35.4188163,0.0898,0.17152317,0.1464102,94.744,27.7086,2.09529128,2.09529128,"20180628 09:20:35.470151","20000101 00:00:00.000000",1
50,0.0708,0.10429016,0.07080502,0.07080501,0.0708,0.07073,0.07070002,0.07103,0.07125999,0.07126,0.07127196,0.07127197,2.64134668,4.497,35.4188163,0.0898,0.17152317,0.1464102,94.744,27.7086,2.09529128,2.09529128,"20180628 09:20:35.484533","20180628 09:20:03.260000",1
267,0.07100771,0.036,0.07080502,0.07080501,0.0708,0.07073,0.07070002,0.07103,0.07125999,0.07126,0.07127196,0.07127197,2.64134668,4.497,35.4188163,0.0898,0.17152317,0.1464102,94.744,27.7086,2.09529128,2.09529128,"20180628 09:20:36.658329","20180628 09:18:30.110000",1
27,0.0708,0.10429016,0.07080502,0.07080501,0.0708,0.07073,0.07070002,0.07103,0.07125999,0.07126,0.07127196,0.07127197,2.64134668,4.497,35.4188163,0.0898,0.17152317,0.1464102,94.744,27.7086,2.09529128,2.09529128,"20180628 09:20:36.685967","20180628 09:20:03.260000",1
285,0.07100771,0.036,0.07080502,0.07080501,0.0708,0.07073,0.07070002,0.07103,0.07125999,0.07126,0.07127196,0.07127197,2.64134668,4.497,35.4188163,0.0898,0.17152317,0.1464102,94.744,27.7086,2.09529128,2.09529128,"20180628 09:20:37.033189","20180628 09:18:30.110000",1
28,0.0708,0.10429016,0.07080602,0.07080601,0.0708,0.07073,0.07070002,0.07103,0.071258,0.07125999,0.07127195,0.07127375,4.497,2.2554,35.4188163,0.0898,0.17152317,0.1464102,9.0,94.744,2.09529128,0.028,"20180628 09:20:38.287422","20180628 09:20:03.260000",1
51,0.0708,0.10429016,0.07080602,0.07080601,0.0708,0.07073,0.07070002,0.07103,0.071258,0.07125999,0.07127195,0.07127375,4.497,2.2554,35.4188163,0.0898,0.17152317,0.1464102,9.0,94.744,2.09529128,0.028,"20180628 09:20:38.709123","20180628 09:20:03.260000",1
268,0.07100771,0.036,0.07080602,0.07080601,0.0708,0.07073,0.07070002,0.07103,0.071258,0.07125999,0.07127195,0.07127375,4.497,2.2554,35.4188163,0.0898,0.17152317,0.1464102,9.0,94.744,2.09529128,0.028,"20180628 09:20:38.928937","20180628 09:18:30.110000",1
9,0.0,0.0,0.07080602,0.07080601,0.0708,0.07073,0.07070002,0.07103,0.07125799,0.071258,0.07125998,0.07127196,4.497,2.2554,35.4188163,0.0898,0.17152317,0.1464102,86.121,9.0,4.103892,2.09529128,"20180628 09:20:39.643594","20000101 00:00:00.000000",1
29,0.0708,0.10429016,0.07080602,0.07080601,0.0708,0.07073,0.07070002,0.07103,0.07125,0.07125799,0.071258,0.07125998,4.497,2.2554,35.4188163,0.0898,0.17152317,0.1464102,26.4507,86.121,9.0,4.103892,"20180628 09:20:40.052016","20180628 09:20:03.260000",1
286,0.07100771,0.036,0.07080602,0.07080601,0.0708,0.07073,0.07070002,0.07103,0.07125799,0.071258,0.07125998,0.07127196,4.497,2.2554,35.4188163,0.0898,0.17152317,0.1464102,86.121,9.0,4.103892,2.09529128,"20180628 09:20:40.259571","20180628 09:18:30.110000",1
52,0.0708,0.10429016,0.07080602,0.07080601,0.0708,0.07073,0.07070002,0.07103,0.07125,0.07125799,0.071258,0.07125998,4.497,2.2554,35.4188163,0.0898,0.17152317,0.1464102,26.4507,86.121,9.0,4.103892,"20180628 09:20:40.305566","20180628 09:20:03.260000",1
269,0.07100771,0.036,0.07080602,0.07080601,0.0708,0.07073,0.07070002,0.07103,0.07125,0.07125799,0.071258,0.07125998,4.497,2.2554,35.4188163,0.0898,0.17152317,0.1464102,26.4507,86.121,9.0,4.103892,"20180628 09:20:40.529847","20180628 09:18:30.110000",1
10,0.0,0.0,0.07080602,0.0708,0.07073,0.07070002,0.0707,0.07103,0.07124999,0.07125,0.07125799,0.071258,4.497,35.4188163,0.0898,0.17152317,12.06827631,0.0914102,93.216,26.4507,86.121,9.0,"20180628 09:20:41.347982","20000101 00:00:00.000000",1
30,0.0708,0.10429016,0.07080602,0.0708,0.07073,0.07070002,0.0707,0.07103,0.07124999,0.07125,0.071258,0.07125998,4.497,35.4188163,0.0898,0.17152317,12.06827631,0.0914102,93.216,26.4507,9.0,4.103892,"20180628 09:20:41.772639","20180628 09:20:03.260000",1
53,0.0708,0.10429016,0.07080602,0.0708,0.07073,0.07070002,0.0707,0.07103,0.07124999,0.07125,0.071258,0.07125998,4.497,35.4188163,0.0898,0.17152317,12.06827631,0.0914102,93.216,26.4507,9.0,4.103892,"20180628 09:20:41.901180","20180628 09:20:03.260000",1
270,0.07100771,0.036,0.07080602,0.0708,0.07073,0.07070002,0.0707,0.07103,0.07124999,0.07125,0.071258,0.07125998,4.497,35.4188163,0.0898,0.17152317,12.06827631,0.0914102,93.216,26.4507,9.0,4.103892,"20180628 09:20:42.129939","20180628 09:18:30.110000",1
287,0.07100771,0.036,0.07080602,0.0708,0.07073,0.07070002,0.0707,0.07103,0.07124999,0.07125,0.071258,0.07125998,4.497,35.4188163,0.0898,0.17152317,12.06827631,0.0914102,93.216,26.4507,9.0,4.103892,"20180628 09:20:42.288085","20180628 09:18:30.110000",1
11,0.07103,0.00722551,0.07080602,0.0708,0.07073,0.07070002,0.0707,0.07103,0.07124999,0.07125,0.07125799,0.071258,4.497,35.4188163,0.0898,0.17152317,12.06827631,0.0914102,93.216,26.4507,86.121,9.0,"20180628 09:20:41.347982","20180628 09:20:28.010000",2
12,0.07103,0.00722551,0.07080602,0.0708,0.07073,0.07070002,0.0707,0.07103,0.07124999,0.07125,0.07125799,0.071258,4.497,35.4188163,0.0898,0.17152317,12.06827631,0.0914102,93.216,26.4507,86.121,9.0,"20180628 09:20:41.347982","20180628 09:20:29.260000",2
13,0.07103,0.055,0.07080602,0.0708,0.07073,0.07070002,0.0707,0.07103,0.07124999,0.07125,0.07125799,0.071258,4.497,35.4188163,0.0898,0.17152317,12.06827631,0.0914102,93.216,26.4507,86.121,9.0,"20180628 09:20:41.347982","20180628 09:20:40.120000",2
54,0.07103,0.00722551,0.07080602,0.0708,0.07073,0.07070002,0.0707,0.07103,0.07124999,0.07125,0.071258,0.07125998,4.497,35.4188163,0.0898,0.17152317,12.06827631,0.0914102,93.216,26.4507,9.0,4.103892,"20180628 09:20:41.901180","20180628 09:20:28.010000",2
55,0.07103,0.00722551,0.07080602,0.0708,0.07073,0.07070002,0.0707,0.07103,0.07124999,0.07125,0.071258,0.07125998,4.497,35.4188163,0.0898,0.17152317,12.06827631,0.0914102,93.216,26.4507,9.0,4.103892,"20180628 09:20:41.901180","20180628 09:20:29.260000",2
56,0.07103,0.055,0.07080602,0.0708,0.07073,0.07070002,0.0707,0.07103,0.07124999,0.07125,0.071258,0.07125998,4.497,35.4188163,0.0898,0.17152317,12.06827631,0.0914102,93.216,26.4507,9.0,4.103892,"20180628 09:20:41.901180","20180628 09:20:40.120000",2
31,0.07103,0.00722551,0.07080602,0.0708,0.07073,0.07070002,0.0707,0.07103,0.07124999,0.07125,0.071258,0.07125998,4.497,35.4188163,0.0898,0.17152317,12.06827631,0.0914102,93.216,26.4507,9.0,4.103892,"20180628 09:20:41.772639","20180628 09:20:28.010000",2
32,0.07103,0.00722551,0.07080602,0.0708,0.07073,0.07070002,0.0707,0.07103,0.07124999,0.07125,0.071258,0.07125998,4.497,35.4188163,0.0898,0.17152317,12.06827631,0.0914102,93.216,26.4507,9.0,4.103892,"20180628 09:20:41.772639","20180628 09:20:29.260000",2
33,0.07103,0.055,0.07080602,0.0708,0.07073,0.07070002,0.0707,0.07103,0.07124999,0.07125,0.071258,0.07125998,4.497,35.4188163,0.0898,0.17152317,12.06827631,0.0914102,93.216,26.4507,9.0,4.103892,"20180628 09:20:41.772639","20180628 09:20:40.120000",2
14,0.07103,0.055,0.07080602,0.0708,0.07073,0.07070002,0.0707,0.07103,0.07124999,0.07125,0.071258,0.07125998,4.497,35.4188163,0.0898,0.17152317,12.06827631,0.0914102,93.216,26.4507,9.0,4.103892,"20180628 09:20:43.376911","20180628 09:20:40.120000",1
34,0.07103,0.055,0.07080702,0.07080602,0.0708,0.07073,0.07070002,0.07124999,0.07125,0.071258,0.07127373,0.07127374,2.2554,4.497,35.4188163,0.0898,0.17152317,94.09782549,26.4507,9.0,2.09529127,2.09529128,"20180628 09:20:43.488035","20180628 09:20:40.120000",1
57,0.07103,0.055,0.07080702,0.07080602,0.0708,0.07073,0.07070002,0.07124999,0.07125,0.071258,0.07127373,0.07127374,2.2554,4.497,35.4188163,0.0898,0.17152317,94.09782549,26.4507,9.0,2.09529127,2.09529128,"20180628 09:20:43.607330","20180628 09:20:40.120000",1
271,0.07100771,0.036,0.07080702,0.07080602,0.0708,0.07073,0.07070002,0.07124999,0.07125,0.071258,0.07127373,0.07127374,2.2554,4.497,35.4188163,0.0898,0.17152317,94.09782549,26.4507,9.0,2.09529127,2.09529128,"20180628 09:20:43.846476","20180628 09:18:30.110000",1
288,0.07100771,0.036,0.07080702,0.07080602,0.0708,0.07073,0.07070002,0.07124999,0.07125,0.071258,0.07127373,0.07127374,2.2554,4.497,35.4188163,0.0898,0.17152317,94.09782549,26.4507,9.0,2.09529127,2.09529128,"20180628 09:20:43.995805","20180628 09:18:30.110000",1
15,0.07103,0.055,0.07080702,0.0708,0.07073,0.07070002,0.0707,0.07124999,0.071258,0.07127373,0.07127374,0.07127375,2.2554,35.4188163,0.0898,0.17152317,12.06827631,94.09782549,9.0,2.09529127,2.09529128,0.028,"20180628 09:20:44.996750","20180628 09:20:40.120000",1
35,0.07103,0.055,0.07080702,0.0708,0.07073,0.07070002,0.0707,0.07124999,0.071258,0.07127373,0.07127374,0.07127375,2.2554,35.4188163,0.0898,0.17152317,12.06827631,94.09782549,9.0,2.09529127,2.09529128,0.028,"20180628 09:20:45.091472","20180628 09:20:40.120000",1
58,0.07103,0.055,0.07080702,0.0708,0.07073,0.07070002,0.0707,0.07124999,0.071258,0.07127373,0.07127374,0.07127375,2.2554,35.4188163,0.0898,0.17152317,12.06827631,94.09782549,9.0,2.09529127,2.09529128,0.028,"20180628 09:20:45.222047","20180628 09:20:40.120000",1
272,0.07100771,0.036,0.07080702,0.0708,0.07073,0.07070002,0.0707,0.07124999,0.071258,0.07127373,0.07127374,0.07127375,2.2554,35.4188163,0.0898,0.17152317,12.06827631,94.09782549,9.0,2.09529127,2.09529128,0.028,"20180628 09:20:45.440826","20180628 09:18:30.110000",1
289,0.07100771,0.036,0.07080702,0.0708,0.07073,0.07070002,0.0707,0.07124999,0.071258,0.07127373,0.07127374,0.07127375,2.2554,35.4188163,0.0898,0.17152317,12.06827631,94.09782549,9.0,2.09529127,2.09529128,0.028,"20180628 09:20:45.619476","20180628 09:18:30.110000",1
36,0.07103,0.055,0.07080802,0.07080702,0.0708,0.07073,0.07070002,0.071,0.07124999,0.071258,0.07127372,0.07127375,4.4968,2.2554,35.4188163,0.0898,0.17152317,0.083,93.20817382,9.0,2.09529127,0.028,"20180628 09:20:46.729275","20180628 09:20:40.120000",1
59,0.07103,0.055,0.07080802,0.07080702,0.0708,0.07073,0.07070002,0.071,0.07124999,0.071258,0.07127372,0.07127375,4.4968,2.2554,35.4188163,0.0898,0.17152317,0.083,93.20817382,9.0,2.09529127,0.028,"20180628 09:20:46.853227","20180628 09:20:40.120000",1
273,0.07100771,0.036,0.07080802,0.07080702,0.0708,0.07073,0.07070002,0.071,0.07124999,0.071258,0.07127372,0.07127375,4.4968,2.2554,35.4188163,0.0898,0.17152317,0.083,93.20817382,9.0,2.09529127,0.028,"20180628 09:20:47.047260","20180628 09:18:30.110000",1
290,0.07100771,0.036,0.07080802,0.07080702,0.0708,0.07073,0.07070002,0.071,0.07124999,0.071258,0.07127372,0.07127375,4.4968,2.2554,35.4188163,0.0898,0.17152317,0.083,93.20817382,9.0,2.09529127,0.028,"20180628 09:20:47.241179","20180628 09:18:30.110000",1
37,0.07103,0.055,0.07080802,0.070801,0.0708,0.07073,0.07070002,0.071,0.071245,0.07124999,0.071258,0.07127371,4.4968,2.2553,35.4188163,0.0898,0.17152317,0.083,26.489,93.20817382,9.0,2.09529127,"20180628 09:20:48.485116","20180628 09:20:40.120000",1
274,0.07100771,0.036,0.07080802,0.070801,0.0708,0.07073,0.07070002,0.071,0.071245,0.07124999,0.071258,0.07127371,4.4968,2.2553,35.4188163,0.0898,0.17152317,0.083,26.489,93.20817382,9.0,2.09529127,"20180628 09:20:48.673590","20180628 09:18:30.110000",1
291,0.07100771,0.036,0.07080802,0.070801,0.0708,0.07073,0.07070002,0.071,0.071245,0.07124999,0.071258,0.07127371,4.4968,2.2553,35.4188163,0.0898,0.17152317,0.083,26.489,93.20817382,9.0,2.09529127,"20180628 09:20:48.850034","20180628 09:18:30.110000",1
60,0.07103,0.055,0.07080802,0.070801,0.0708,0.07073,0.07070002,0.071,0.071245,0.07124999,0.071258,0.07127371,4.4968,2.2553,35.4188163,0.0898,0.17152317,0.083,26.489,93.20817382,9.0,2.09529127,"20180628 09:20:48.901053","20180628 09:20:40.120000",1
16,0.07103,0.055,0.07080802,0.070801,0.0708,0.07073,0.07070002,0.071,0.071245,0.07124999,0.071258,0.07127371,4.4968,2.2553,35.4188163,0.0898,0.17152317,0.083,26.489,93.20817382,9.0,2.09529127,"20180628 09:20:49.650471","20180628 09:20:40.120000",1
38,0.07103,0.055,0.07080803,0.07080802,0.070801,0.0708,0.07073,0.071,0.07124499,0.071245,0.071258,0.07127374,2.64134668,4.4968,2.2553,35.4188163,0.0898,0.083,100.856,26.489,9.0,2.09529128,"20180628 09:20:50.227319","20180628 09:20:40.120000",1
275,0.07100771,0.036,0.07080803,0.07080802,0.070801,0.0708,0.07073,0.071,0.07124499,0.071245,0.071258,0.07127374,2.64134668,4.4968,2.2553,35.4188163,0.0898,0.083,100.856,26.489,9.0,2.09529128,"20180628 09:20:50.267586","20180628 09:18:30.110000",1
292,0.07100771,0.036,0.07080803,0.07080802,0.070801,0.0708,0.07073,0.071,0.07124499,0.071245,0.071258,0.07127374,2.64134668,4.4968,2.2553,35.4188163,0.0898,0.083,100.856,26.489,9.0,2.09529128,"20180628 09:20:50.451359","20180628 09:18:30.110000",1
61,0.07103,0.055,0.07080803,0.07080802,0.070801,0.0708,0.07073,0.071,0.07124499,0.071245,0.071258,0.07127374,2.64134668,4.4968,2.2553,35.4188163,0.0898,0.083,100.856,26.489,9.0,2.09529128,"20180628 09:20:50.525748","20180628 09:20:40.120000",1
17,0.07103,0.055,0.07080803,0.07080802,0.070801,0.0708,0.07073,0.071,0.07124499,0.071245,0.071258,0.07127374,2.64134668,4.4968,2.2553,35.4188163,0.0898,0.083,100.856,26.489,9.0,2.09529128,"20180628 09:20:51.251646","20180628 09:20:40.120000",1
62,0.07103,0.055,0.07080803,0.07080802,0.070801,0.0708,0.07073,0.0708879,0.071,0.07124499,0.071258,0.0712737,2.64134668,4.4968,2.2553,35.4188163,0.0898,0.019,0.083,100.856,9.0,2.09529128,"20180628 09:20:52.246817","20180628 09:20:40.120000",1
18,0.07103,0.055,0.07080803,0.07080802,0.070801,0.0708,0.07073,0.0708879,0.071,0.07124499,0.071258,0.0712737,2.64134668,4.4968,2.2553,35.4188163,0.0898,0.019,0.083,100.856,9.0,2.09529128,"20180628 09:20:52.893908","20180628 09:20:40.120000",1
39,0.07103,0.055,0.07080803,0.07080802,0.070801,0.0708,0.07073,0.0708879,0.071,0.07124499,0.071258,0.0712737,2.64134668,4.4968,2.2553,35.4188163,0.0898,0.019,0.083,100.856,9.0,2.09529128,"20180628 09:20:53.457588","20180628 09:20:40.120000",1
276,0.07100771,0.036,0.07080803,0.07080802,0.070801,0.0708,0.07073,0.0708879,0.071,0.07124499,0.071258,0.0712737,2.64134668,4.4968,2.2553,35.4188163,0.0898,0.019,0.083,100.856,9.0,2.09529128,"20180628 09:20:53.483090","20180628 09:18:30.110000",1
293,0.07100771,0.036,0.07080803,0.07080802,0.070801,0.0708,0.07073,0.0708879,0.071,0.07124499,0.071258,0.0712737,2.64134668,4.4968,2.2553,35.4188163,0.0898,0.019,0.083,100.856,9.0,2.09529128,"20180628 09:20:53.682361","20180628 09:18:30.110000",1
19,0.07103,0.055,0.07080903,0.0708,0.07073,0.07070002,0.0707,0.0708879,0.071,0.07103,0.07124499,0.071258,4.4968,35.4188163,0.0898,0.17152317,12.07938016,0.019,0.083,0.20013557,100.856,9.0,"20180628 09:20:54.595084","20180628 09:20:40.120000",1
277,0.07100771,0.036,0.07080903,0.0708,0.07073,0.07070002,0.0707,0.0708879,0.071,0.07103,0.07124499,0.071258,6.7521,35.4188163,0.0898,0.17152317,12.07938016,0.019,0.083,0.20013557,100.856,9.0,"20180628 09:20:55.104948","20180628 09:18:30.110000",1
40,0.07103,0.055,0.07080903,0.0708,0.07073,0.07070002,0.0707,0.0708879,0.071,0.07103,0.07124499,0.071258,6.7521,35.4188163,0.0898,0.17152317,12.07938016,0.019,0.083,0.20013557,100.856,9.0,"20180628 09:20:55.366279","20180628 09:20:40.120000",1
20,0.07103,0.055,0.07080903,0.0708,0.07073,0.07070002,0.0707,0.0708879,0.071,0.07103,0.07124499,0.071258,6.7521,35.4188163,0.0898,0.17152317,12.07938016,0.019,0.083,0.20013557,100.856,9.0,"20180628 09:20:56.220575","20180628 09:20:40.120000",1
294,0.07100771,0.036,0.07080903,0.0708,0.07073,0.07070002,0.0707,0.0708879,0.071,0.07103,0.07124499,0.071258,6.7521,35.4188163,0.0898,0.17152317,12.07938016,0.019,0.083,0.20013557,100.856,9.0,"20180628 09:20:56.275379","20180628 09:18:30.110000",1
63,0.07103,0.055,0.07080903,0.0708,0.07073,0.07070002,0.0707,0.0708879,0.071,0.07103,0.07123999,0.07124,6.7521,35.4188163,0.0898,0.17152317,12.07938016,0.019,0.083,0.20013557,88.849,26.935,"20180628 09:20:56.656991","20180628 09:20:40.120000",1
278,0.07100771,0.036,0.07080903,0.0708,0.07073,0.07070002,0.0707,0.0708879,0.071,0.07103,0.07123999,0.07124,6.7521,35.4188163,0.0898,0.17152317,12.07938016,0.019,0.083,0.20013557,88.849,26.935,"20180628 09:20:56.730260","20180628 09:18:30.110000",1
41,0.07103,0.055,0.07080903,0.0708,0.07073,0.07070002,0.0707,0.0708879,0.071,0.07103,0.07123999,0.07124,6.7521,35.4188163,0.0898,0.17152317,12.07938016,0.019,0.083,0.20013557,88.849,26.935,"20180628 09:20:56.979071","20180628 09:20:40.120000",1
21,0.07103,0.055,0.07080903,0.0708,0.07073,0.07070002,0.0707,0.0708879,0.071,0.07103,0.07123999,0.07124,6.7521,35.4188163,0.0898,0.17152317,12.07938016,0.019,0.083,0.20013557,88.849,26.935,"20180628 09:20:57.854148","20180628 09:20:40.120000",1
295,0.07100771,0.036,0.07080903,0.0708,0.07073,0.07070002,0.0707,0.0708879,0.071,0.07103,0.07123999,0.07124,6.7521,35.4188163,0.0898,0.17152317,12.07938016,0.019,0.083,0.20013557,88.849,26.935,"20180628 09:20:59.161203","20180628 09:18:30.110000",1
296,0.07100771,0.036,0.07080904,0.07080903,0.0708,0.07073,0.07070002,0.0708879,0.071,0.07103,0.07123999,0.071258,2.64134668,4.4968,35.4188163,0.0898,0.17152317,0.019,0.083,0.20013557,88.849,9.0,"20180628 09:21:00.782147","20180628 09:18:30.110000",1
22,0.07103,0.055,0.07080904,0.07080903,0.0708,0.07073,0.07070002,0.0708879,0.071,0.07103,0.07123999,0.071258,2.64134668,4.4968,35.4188163,0.0898,0.17152317,0.019,0.083,0.20013557,88.849,9.0,"20180628 09:21:01.083042","20180628 09:20:40.120000",1
64,0.07103,0.055,0.07080904,0.07080903,0.0708,0.07073,0.07070002,0.0708879,0.071,0.07103,0.07123999,0.071258,2.64134668,4.4968,35.4188163,0.0898,0.17152317,0.019,0.083,0.20013557,88.849,9.0,"20180628 09:21:01.461231","20180628 09:20:40.120000",1
279,0.07100771,0.036,0.07080904,0.07080903,0.0708,0.07073,0.07070002,0.0708879,0.071,0.07103,0.07123999,0.071258,2.64134668,4.4968,35.4188163,0.0898,0.17152317,0.019,0.083,0.20013557,88.849,9.0,"20180628 09:21:01.635027","20180628 09:18:30.110000",1
42,0.07103,0.055,0.07080904,0.07080903,0.0708,0.07073,0.07070002,0.0708879,0.071,0.07103,0.07123999,0.071258,2.64134668,4.4968,35.4188163,0.0898,0.17152317,0.019,0.083,0.20013557,88.849,9.0,"20180628 09:21:01.910351","20180628 09:20:40.120000",1
297,0.07100771,0.036,0.0708879,0.070801,0.0708,0.07073,0.07070002,0.071,0.07103,0.071238,0.07123999,0.07127365,0.320999,6.752,35.4188163,0.0898,0.17152317,0.083,0.20013557,9.0,88.849,2.09529126,"20180628 09:21:02.413555","20180628 09:18:30.110000",1
65,0.07103,0.055,0.0708879,0.070801,0.0708,0.07073,0.07070002,0.071,0.07103,0.071238,0.07123999,0.07127365,0.320999,6.752,35.4188163,0.0898,0.17152317,0.083,0.20013557,9.0,88.849,2.09529126,"20180628 09:21:03.073601","20180628 09:20:40.120000",1
280,0.07100771,0.036,0.0708879,0.070801,0.0708,0.07073,0.07070002,0.071,0.07103,0.071238,0.07123999,0.07127365,0.320999,6.752,35.4188163,0.0898,0.17152317,0.083,0.20013557,9.0,88.849,2.09529126,"20180628 09:21:03.261786","20180628 09:18:30.110000",1
43,0.07103,0.055,0.0708879,0.070801,0.0708,0.07073,0.07070002,0.071,0.07103,0.071238,0.07123999,0.07127365,0.320999,6.752,35.4188163,0.0898,0.17152317,0.083,0.20013557,9.0,88.849,2.09529126,"20180628 09:21:03.502541","20180628 09:20:40.120000",1
23,0.07103,0.055,0.0708879,0.070801,0.0708,0.07073,0.07070002,0.071,0.07103,0.071238,0.07123999,0.07127365,0.320999,6.752,35.4188163,0.0898,0.17152317,0.083,0.20013557,9.0,88.849,2.09529126,"20180628 09:21:03.785193","20180628 09:20:40.120000",1
66,0.07103,0.055,0.0708879,0.070801,0.0708,0.07073,0.07070002,0.071,0.07103,0.07123499,0.071235,0.071238,0.320999,6.7527,35.4188163,0.0898,0.17152317,0.083,0.20013557,102.057,26.9718,9.0,"20180628 09:21:04.782930","20180628 09:20:40.120000",1
281,0.07100771,0.036,0.0708879,0.070801,0.0708,0.07073,0.07070002,0.071,0.07103,0.07123499,0.071235,0.071238,0.320999,6.7527,35.4188163,0.0898,0.17152317,0.083,0.20013557,102.057,26.9718,9.0,"20180628 09:21:04.868348","20180628 09:18:30.110000",1
44,0.07103,0.055,0.0708879,0.070801,0.0708,0.07073,0.07070002,0.071,0.07103,0.07123499,0.071235,0.071238,0.320999,6.7527,35.4188163,0.0898,0.17152317,0.083,0.20013557,102.057,26.9718,9.0,"20180628 09:21:05.240625","20180628 09:20:40.120000",1
24,0.07103,0.055,0.0708879,0.070801,0.0708,0.07073,0.07070002,0.071,0.07103,0.07123499,0.071235,0.071238,0.320999,6.7527,35.4188163,0.0898,0.17152317,0.083,0.20013557,102.057,26.9718,9.0,"20180628 09:21:05.391395","20180628 09:20:40.120000",1
298,0.07100771,0.036,0.0708879,0.070801,0.0708,0.07073,0.07070002,0.071,0.07103,0.07123499,0.071235,0.071238,0.320999,6.7527,35.4188163,0.0898,0.17152317,0.083,0.20013557,102.057,26.9718,9.0,"20180628 09:21:05.614043","20180628 09:18:30.110000",1
67,0.07103,0.055,0.0708879,0.07080101,0.070801,0.0708,0.07073,0.071,0.07103,0.07123499,0.071235,0.071238,0.320999,2.64134668,6.7527,35.4188163,0.0898,0.083,0.20013557,102.057,26.9718,9.0,"20180628 09:21:06.502284","20180628 09:20:40.120000",1
25,0.07103,0.055,0.0708879,0.07080101,0.070801,0.0708,0.07073,0.071,0.07103,0.07123499,0.071235,0.071238,0.320999,2.64134668,6.7527,35.4188163,0.0898,0.083,0.20013557,102.057,26.9718,9.0,"20180628 09:21:06.993325","20180628 09:20:40.120000",1
45,0.07103,0.055,0.0708879,0.07080101,0.070801,0.0708,0.07073,0.071,0.07103,0.07123499,0.071235,0.071238,0.320999,2.64134668,6.7527,35.4188163,0.0898,0.083,0.20013557,102.057,26.9718,9.0,"20180628 09:21:07.134142","20180628 09:20:40.120000",1
299,0.07100771,0.036,0.0708879,0.07080101,0.070801,0.0708,0.07073,0.071,0.07103,0.07123499,0.071235,0.071238,0.320999,2.64134668,6.7527,35.4188163,0.0898,0.083,0.20013557,102.057,26.9718,9.0,"20180628 09:21:07.205002","20180628 09:18:30.110000",1
26,0.07103,0.055,0.0708879,0.07080101,0.070801,0.0708,0.07073,0.071,0.07103,0.07123499,0.071238,0.07127374,0.320999,2.64134668,6.7527,35.4188163,0.0898,0.083,0.20013557,102.057,9.0,2.09529126,"20180628 09:21:08.707470","20180628 09:20:40.120000",1
46,0.07103,0.055,0.0708879,0.07080101,0.070801,0.0708,0.07073,0.071,0.07103,0.07123499,0.071238,0.07127374,0.320999,2.64134668,6.7527,35.4188163,0.0898,0.083,0.20013557,102.057,9.0,2.09529126,"20180628 09:21:08.718206","20180628 09:20:40.120000",1
300,0.07100771,0.036,0.0708879,0.07080101,0.070801,0.0708,0.07073,0.071,0.07103,0.07123499,0.071238,0.07127374,0.320999,2.64134668,6.7527,35.4188163,0.0898,0.083,0.20013557,102.057,9.0,2.09529126,"20180628 09:21:08.819728","20180628 09:18:30.110000",1
282,0.07100771,0.036,0.0708879,0.07080101,0.070801,0.0708,0.07073,0.071,0.07103,0.07123499,0.071238,0.07127374,0.320999,2.64134668,6.7527,35.4188163,0.0898,0.083,0.20013557,102.057,9.0,2.09529126,"20180628 09:21:09.172256","20180628 09:18:30.110000",1
68,0.07103,0.055,0.0708879,0.07080101,0.070801,0.0708,0.07073,0.071,0.07103,0.07123499,0.071238,0.07127374,0.320999,2.64134668,6.7527,35.4188163,0.0898,0.083,0.20013557,102.057,9.0,2.09529126,"20180628 09:21:09.811157","20180628 09:20:40.120000",1
301,0.07100771,0.036,0.0708879,0.07080101,0.070801,0.0708,0.07073,0.071,0.07103,0.07123299,0.071233,0.07127374,0.320999,2.64134668,4.4972,35.4188163,0.0898,0.06473757,0.20013557,89.068,9.0,2.09529126,"20180628 09:21:10.425148","20180628 09:18:30.110000",1
283,0.07100771,0.036,0.0708879,0.07080101,0.070801,0.0708,0.07073,0.071,0.07103,0.07123299,0.071233,0.07127374,0.320999,2.64134668,4.4972,35.4188163,0.0898,0.06473757,0.20013557,89.068,9.0,2.09529126,"20180628 09:21:10.760093","20180628 09:18:30.110000",1
47,0.07103,0.055,0.0708879,0.07080101,0.070801,0.0708,0.07073,0.071,0.07103,0.07123299,0.071233,0.07127374,0.320999,2.64134668,4.4972,35.4188163,0.0898,0.06473757,0.20013557,89.068,9.0,2.09529126,"20180628 09:21:11.915838","20180628 09:20:40.120000",1
27,0.07103,0.055,0.0708879,0.07080101,0.070801,0.0708,0.07073,0.071,0.07103,0.07123299,0.071233,0.07127374,0.320999,2.64134668,4.4972,35.4188163,0.0898,0.06473757,0.20013557,89.068,9.0,2.09529126,"20180628 09:21:11.918098","20180628 09:20:40.120000",1
69,0.07103,0.055,0.0708879,0.07080201,0.0708,0.07073,0.07070002,0.071,0.07100993,0.07103,0.07123,0.07123299,0.320999,2.2527,35.4188163,0.0898,0.17152317,0.06473757,0.015,0.20013557,26.6963,89.068,"20180628 09:21:12.543525","20180628 09:20:40.120000",1
48,0.07103,0.00224204,0.0708879,0.07080101,0.070801,0.0708,0.07073,0.071,0.07103,0.07123299,0.071233,0.07127374,0.320999,2.64134668,4.4972,35.4188163,0.0898,0.06473757,0.20013557,89.068,9.0,2.09529126,"20180628 09:21:11.915838","20180628 09:20:41.137000",2
49,0.07103,0.08916816,0.0708879,0.07080101,0.070801,0.0708,0.07073,0.071,0.07103,0.07123299,0.071233,0.07127374,0.320999,2.64134668,4.4972,35.4188163,0.0898,0.06473757,0.20013557,89.068,9.0,2.09529126,"20180628 09:21:11.915838","20180628 09:20:41.137000",2
50,0.07124999,0.00782618,0.0708879,0.07080101,0.070801,0.0708,0.07073,0.071,0.07103,0.07123299,0.071233,0.07127374,0.320999,2.64134668,4.4972,35.4188163,0.0898,0.06473757,0.20013557,89.068,9.0,2.09529126,"20180628 09:21:11.915838","20180628 09:20:41.137000",2
51,0.0708879,0.019,0.0708879,0.07080101,0.070801,0.0708,0.07073,0.071,0.07103,0.07123299,0.071233,0.07127374,0.320999,2.64134668,4.4972,35.4188163,0.0898,0.06473757,0.20013557,89.068,9.0,2.09529126,"20180628 09:21:11.915838","20180628 09:21:01.500000",2
52,0.071,0.01826243,0.0708879,0.07080101,0.070801,0.0708,0.07073,0.071,0.07103,0.07123299,0.071233,0.07127374,0.320999,2.64134668,4.4972,35.4188163,0.0898,0.06473757,0.20013557,89.068,9.0,2.09529126,"20180628 09:21:11.915838","20180628 09:21:08.487000",2
70,0.07103,0.00224204,0.0708879,0.07080201,0.0708,0.07073,0.07070002,0.071,0.07100993,0.07103,0.07123,0.07123299,0.320999,2.2527,35.4188163,0.0898,0.17152317,0.06473757,0.015,0.20013557,26.6963,89.068,"20180628 09:21:12.543525","20180628 09:20:41.137000",2
71,0.07103,0.08916816,0.0708879,0.07080201,0.0708,0.07073,0.07070002,0.071,0.07100993,0.07103,0.07123,0.07123299,0.320999,2.2527,35.4188163,0.0898,0.17152317,0.06473757,0.015,0.20013557,26.6963,89.068,"20180628 09:21:12.543525","20180628 09:20:41.137000",2
72,0.07124999,0.00782618,0.0708879,0.07080201,0.0708,0.07073,0.07070002,0.071,0.07100993,0.07103,0.07123,0.07123299,0.320999,2.2527,35.4188163,0.0898,0.17152317,0.06473757,0.015,0.20013557,26.6963,89.068,"20180628 09:21:12.543525","20180628 09:20:41.137000",2
73,0.0708879,0.019,0.0708879,0.07080201,0.0708,0.07073,0.07070002,0.071,0.07100993,0.07103,0.07123,0.07123299,0.320999,2.2527,35.4188163,0.0898,0.17152317,0.06473757,0.015,0.20013557,26.6963,89.068,"20180628 09:21:12.543525","20180628 09:21:01.500000",2
74,0.071,0.01826243,0.0708879,0.07080201,0.0708,0.07073,0.07070002,0.071,0.07100993,0.07103,0.07123,0.07123299,0.320999,2.2527,35.4188163,0.0898,0.17152317,0.06473757,0.015,0.20013557,26.6963,89.068,"20180628 09:21:12.543525","20180628 09:21:08.487000",2
302,0.07100771,0.036,0.0708879,0.07080201,0.0708,0.07073,0.07070002,0.071,0.07100993,0.07103,0.07123,0.07123299,0.320999,2.2527,35.4188163,0.0898,0.17152317,0.06473757,0.015,0.20013557,26.6963,89.068,"20180628 09:21:13.642626","20180628 09:18:30.110000",1
284,0.07100771,0.036,0.0708879,0.07080201,0.0708,0.07073,0.07070002,0.071,0.07100993,0.07103,0.07123,0.07123299,0.320999,2.2527,35.4188163,0.0898,0.17152317,0.06473757,0.015,0.20013557,26.6963,89.068,"20180628 09:21:13.946234","20180628 09:18:30.110000",1
28,0.07103,0.00224204,0.0708879,0.07080101,0.070801,0.0708,0.07073,0.071,0.07103,0.07123299,0.071233,0.07127374,0.320999,2.64134668,4.4972,35.4188163,0.0898,0.06473757,0.20013557,89.068,9.0,2.09529126,"20180628 09:21:11.918098","20180628 09:20:41.137000",2
29,0.07103,0.08916816,0.0708879,0.07080101,0.070801,0.0708,0.07073,0.071,0.07103,0.07123299,0.071233,0.07127374,0.320999,2.64134668,4.4972,35.4188163,0.0898,0.06473757,0.20013557,89.068,9.0,2.09529126,"20180628 09:21:11.918098","20180628 09:20:41.137000",2
30,0.07124999,0.00782618,0.0708879,0.07080101,0.070801,0.0708,0.07073,0.071,0.07103,0.07123299,0.071233,0.07127374,0.320999,2.64134668,4.4972,35.4188163,0.0898,0.06473757,0.20013557,89.068,9.0,2.09529126,"20180628 09:21:11.918098","20180628 09:20:41.137000",2
31,0.0708879,0.019,0.0708879,0.07080101,0.070801,0.0708,0.07073,0.071,0.07103,0.07123299,0.071233,0.07127374,0.320999,2.64134668,4.4972,35.4188163,0.0898,0.06473757,0.20013557,89.068,9.0,2.09529126,"20180628 09:21:11.918098","20180628 09:21:01.500000",2
32,0.071,0.01826243,0.0708879,0.07080101,0.070801,0.0708,0.07073,0.071,0.07103,0.07123299,0.071233,0.07127374,0.320999,2.64134668,4.4972,35.4188163,0.0898,0.06473757,0.20013557,89.068,9.0,2.09529126,"20180628 09:21:11.918098","20180628 09:21:08.487000",2
33,0.071,0.01826243,0.0708879,0.07080201,0.0708,0.07073,0.07070002,0.071,0.07100993,0.07103,0.07123,0.07123299,0.320999,2.2641,35.4188163,0.0898,0.17152317,0.06473757,0.015,0.20013557,26.6963,89.068,"20180628 09:21:14.320628","20180628 09:21:08.487000",1
53,0.071,0.01826243,0.0708879,0.07080201,0.0708,0.07073,0.07070002,0.071,0.07100993,0.07103,0.07123,0.07123299,0.320999,2.2641,35.4188163,0.0898,0.17152317,0.06473757,0.015,0.20013557,26.6963,89.068,"20180628 09:21:14.632817","20180628 09:21:08.487000",1
303,0.07100771,0.036,0.0708879,0.07080201,0.0708,0.07073,0.07070002,0.071,0.07100993,0.07103,0.07123,0.07123299,0.320999,2.2641,35.4188163,0.0898,0.17152317,0.06473757,0.015,0.20013557,26.6963,89.068,"20180628 09:21:15.227857","20180628 09:18:30.110000",1
285,0.07100771,0.036,0.0708879,0.07080201,0.0708,0.07073,0.07070002,0.071,0.07100993,0.07103,0.07123,0.07123299,0.320999,2.2641,35.4188163,0.0898,0.17152317,0.06473757,0.015,0.20013557,26.6963,89.068,"20180628 09:21:15.529026","20180628 09:18:30.110000",1
75,0.071,0.01826243,0.0708879,0.07080201,0.0708,0.07073,0.07070002,0.071,0.07100993,0.07103,0.07123,0.07123299,0.320999,2.2641,35.4188163,0.0898,0.17152317,0.06473757,0.015,0.20013557,26.6963,89.068,"20180628 09:21:15.755728","20180628 09:21:08.487000",1
304,0.07100771,0.036,0.0708879,0.07080201,0.0708,0.07073,0.07070002,0.071,0.07100993,0.07103,0.07123,0.07123299,0.320999,0.0114,35.4188163,0.0898,0.17152317,0.06473757,0.015,0.20013557,26.6963,89.068,"20180628 09:21:16.818425","20180628 09:18:30.110000",1
286,0.07100771,0.036,0.0708879,0.07080201,0.0708,0.07073,0.07070002,0.071,0.07100993,0.07103,0.07123,0.07123299,0.320999,0.0114,35.4188163,0.0898,0.17152317,0.06473757,0.015,0.20013557,26.6963,89.068,"20180628 09:21:17.129323","20180628 09:18:30.110000",1
76,0.071,0.01826243,0.0708879,0.07080201,0.0708,0.07073,0.07070002,0.071,0.07100993,0.07103,0.07123,0.07123299,0.320999,0.0114,35.4188163,0.0898,0.17152317,0.06473757,0.015,0.20013557,26.6963,89.068,"20180628 09:21:17.365303","20180628 09:21:08.487000",1
34,0.071,0.01826243,0.0708879,0.07080201,0.0708,0.07073,0.07070002,0.071,0.07100993,0.07103,0.07123,0.07123299,0.320999,0.0114,35.4188163,0.0898,0.17152317,0.06473757,0.015,0.20013557,26.6963,89.068,"20180628 09:21:17.508286","20180628 09:21:08.487000",1
54,0.071,0.01826243,0.0708879,0.07080201,0.0708,0.07073,0.07070002,0.071,0.07100993,0.07103,0.07123,0.07123299,0.320999,0.0114,35.4188163,0.0898,0.17152317,0.06473757,0.015,0.20013557,26.6963,89.068,"20180628 09:21:17.935653","20180628 09:21:08.487000",1
287,0.07100771,0.036,0.0708879,0.07080302,0.07080301,0.07080201,0.0708,0.071,0.07100993,0.07103,0.07123,0.07123299,0.320999,2.64134668,0.0085,0.0114,35.4188163,0.06473757,0.015,0.20013557,26.6963,89.068,"20180628 09:21:18.726590","20180628 09:18:30.110000",1
77,0.071,0.01826243,0.0708879,0.07080302,0.07080301,0.07080201,0.0708,0.071,0.07100993,0.07103,0.07123,0.07123299,0.320999,2.64134668,0.0085,0.0114,35.4188163,0.06473757,0.015,0.20013557,26.6963,89.068,"20180628 09:21:18.968438","20180628 09:21:08.487000",1
35,0.071,0.01826243,0.0708879,0.07080302,0.07080301,0.07080201,0.0708,0.071,0.07100993,0.07103,0.07123,0.07123299,0.320999,2.64134668,0.0085,0.0114,35.4188163,0.06473757,0.015,0.20013557,26.6963,89.068,"20180628 09:21:19.092289","20180628 09:21:08.487000",1
55,0.071,0.01826243,0.0708879,0.07080302,0.07080301,0.07080201,0.0708,0.071,0.07100993,0.07103,0.07123,0.07123299,0.320999,2.64134668,0.0085,0.0114,35.4188163,0.06473757,0.015,0.20013557,26.6963,89.068,"20180628 09:21:19.539957","20180628 09:21:08.487000",1
305,0.07100771,0.036,0.0708879,0.07080302,0.07080301,0.07080201,0.0708,0.071,0.07100993,0.07103,0.07123,0.07123299,0.320999,2.64134668,0.0085,0.0114,35.4188163,0.06473757,0.015,0.20013557,26.6963,89.068,"20180628 09:21:20.017759","20180628 09:18:30.110000",1
288,0.07100771,0.036,0.0708879,0.07080401,0.07080302,0.07080301,0.0708,0.071,0.07100993,0.07103,0.07123,0.07123299,0.320999,4.4803,2.64134668,0.0085,35.4188163,0.06473757,0.015,0.20013557,26.6963,89.068,"20180628 09:21:20.435037","20180628 09:18:30.110000",1
78,0.071,0.01826243,0.0708879,0.07080302,0.07080301,0.0708,0.07073,0.071,0.07100993,0.07103,0.07123,0.07123299,0.320999,2.64134668,0.0085,35.4188163,0.0898,0.06473757,0.015,0.20013557,26.6963,89.068,"20180628 09:21:20.696027","20180628 09:21:08.487000",1
36,0.071,0.01826243,0.0708879,0.07080401,0.07080302,0.07080301,0.0708,0.071,0.07100993,0.07103,0.07123,0.07123299,0.320999,4.4803,2.64134668,0.0085,35.4188163,0.06473757,0.015,0.20013557,26.6963,89.068,"20180628 09:21:20.826720","20180628 09:21:08.487000",1
56,0.071,0.01826243,0.0708879,0.07080401,0.07080301,0.0708,0.07073,0.071,0.07100993,0.07103,0.07123,0.07123299,0.320999,4.4803,0.0085,35.4188163,0.0898,0.06473757,0.015,0.20013557,26.6963,89.068,"20180628 09:21:21.245005","20180628 09:21:08.487000",1
306,0.07100771,0.036,0.071,0.0708879,0.07080401,0.07080301,0.0708,0.07100993,0.07103,0.07123,0.07123299,0.071233,0.08001457,0.320999,4.4803,0.0085,35.4188163,0.015,0.20013557,26.6963,89.068,9.0,"20180628 09:21:21.607924","20180628 09:18:30.110000",1
79,0.071,0.01826243,0.071,0.0708879,0.07080401,0.07080301,0.0708,0.07100993,0.07103,0.07123,0.07123299,0.071233,0.08001457,0.320999,4.4803,0.0085,35.4188163,0.015,0.20013557,26.6963,89.068,9.0,"20180628 09:21:22.311209","20180628 09:21:08.487000",1
37,0.071,0.01826243,0.071,0.0708879,0.07080401,0.07080301,0.0708,0.07100993,0.07103,0.07123,0.07123299,0.071233,0.08001457,0.320999,4.4803,0.0085,35.4188163,0.015,0.20013557,26.6963,89.068,9.0,"20180628 09:21:22.443671","20180628 09:21:08.487000",1
57,0.071,0.01826243,0.071,0.0708879,0.07080401,0.07080301,0.0708,0.07100993,0.07103,0.07123,0.07123299,0.071233,0.08001457,0.320999,4.4803,0.0085,35.4188163,0.015,0.20013557,26.6963,89.068,9.0,"20180628 09:21:22.836384","20180628 09:21:08.487000",1
289,0.07100771,0.036,0.071,0.0708879,0.07080401,0.07080301,0.0708,0.07100993,0.07103,0.07123,0.07123299,0.071233,0.08001457,0.320999,4.4803,0.0085,35.4188163,0.015,0.20013557,26.6963,89.068,9.0,"20180628 09:21:23.118594","20180628 09:18:30.110000",1
307,0.07100771,0.036,0.071,0.0708879,0.07080401,0.0708,0.07073,0.07100993,0.07103,0.071229,0.07123299,0.07127374,0.08001457,0.320999,4.4803,35.4188163,0.0898,0.015,0.20013557,9.0,89.068,2.09529126,"20180628 09:21:23.315662","20180628 09:18:30.110000",1
80,0.071,0.01826243,0.071,0.0708879,0.07080501,0.07080401,0.0708,0.07100993,0.07103,0.071229,0.07123,0.07127373,0.08001457,0.320999,2.2443,4.4803,35.4188163,0.015,0.20013557,9.0,25.3095,81.653,"20180628 09:21:24.019845","20180628 09:21:08.487000",1
38,0.071,0.01826243,0.071,0.0708879,0.07080501,0.07080401,0.0708,0.07100993,0.07103,0.071229,0.07123299,0.07127374,0.08001457,0.320999,2.2443,4.4803,35.4188163,0.015,0.20013557,9.0,89.068,2.09529126,"20180628 09:21:24.052545","20180628 09:21:08.487000",1
58,0.071,0.01826243,0.071,0.0708879,0.07080501,0.07080401,0.0708,0.07100993,0.07103,0.071229,0.07123299,0.07127374,0.08001457,0.320999,2.2443,4.4803,35.4188163,0.015,0.20013557,9.0,89.068,2.09529126,"20180628 09:21:24.427169","20180628 09:21:08.487000",1
308,0.07100771,0.036,0.071,0.0708879,0.07080501,0.07080401,0.0708,0.07100993,0.07103,0.071229,0.07123299,0.07127374,0.08001457,0.320999,2.2443,4.4803,35.4188163,0.015,0.20013557,9.0,89.068,2.09529126,"20180628 09:21:24.900096","20180628 09:18:30.110000",1
39,0.071,0.01826243,0.071,0.0708879,0.07080501,0.07080401,0.0708,0.07100993,0.07103,0.071229,0.07123,0.07127372,0.08001457,0.320999,2.2443,4.4803,35.4188163,0.015,0.20013557,9.0,25.3095,2.09529132,"20180628 09:21:25.653016","20180628 09:21:08.487000",1
59,0.071,0.01826243,0.071,0.0708879,0.07080501,0.07080401,0.0708,0.07100993,0.07103,0.071229,0.07123,0.07127372,0.08001457,0.320999,2.2443,4.4803,35.4188163,0.015,0.20013557,9.0,25.3095,2.09529132,"20180628 09:21:26.002331","20180628 09:21:08.487000",1
81,0.071,0.01826243,0.071,0.0708879,0.07080501,0.07080401,0.0708,0.07100993,0.07103,0.071229,0.07123,0.07127372,0.08001457,0.320999,2.2443,4.4803,35.4188163,0.015,0.20013557,9.0,25.3095,2.09529132,"20180628 09:21:26.031197","20180628 09:21:08.487000",1
309,0.07100771,0.036,0.071,0.0708879,0.07080501,0.07080401,0.0708,0.07100993,0.07103,0.071229,0.07123,0.07127372,0.08001457,0.320999,2.2443,4.4803,35.4188163,0.015,0.20013557,9.0,25.3095,2.09529132,"20180628 09:21:26.488040","20180628 09:18:30.110000",1
40,0.071,0.01826243,0.071,0.0708879,0.07080502,0.07080501,0.0708,0.07103,0.07123,0.07127371,0.07127375,0.07128,0.08001457,0.320999,2.64134668,2.2443,35.4188163,0.18981555,25.3095,69.678,0.028,0.1081,"20180628 09:21:27.356785","20180628 09:21:08.487000",1
60,0.071,0.01826243,0.071,0.0708879,0.07080502,0.07080501,0.0708,0.07103,0.07123,0.07127371,0.07127375,0.07128,0.08001457,0.320999,2.64134668,2.2443,35.4188163,0.18981555,25.3095,69.678,0.028,0.1081,"20180628 09:21:27.619213","20180628 09:21:08.487000",1
82,0.071,0.01826243,0.071,0.0708879,0.07080502,0.07080501,0.0708,0.07103,0.07123,0.07127371,0.07127375,0.07128,0.08001457,0.320999,2.64134668,2.2443,35.4188163,0.18981555,25.3095,69.678,0.028,0.1081,"20180628 09:21:27.630702","20180628 09:21:08.487000",1
310,0.07100771,0.036,0.071,0.0708879,0.07080502,0.07080501,0.0708,0.07103,0.07123,0.07127371,0.07127375,0.07128,0.08001457,0.320999,2.64134668,2.2443,35.4188163,0.18981555,25.3095,69.678,0.028,0.1081,"20180628 09:21:28.099994","20180628 09:18:30.110000",1
61,0.071,0.01826243,0.071,0.0708879,0.07080502,0.0708,0.07073,0.07103,0.07123,0.0712737,0.07127375,0.07127999,0.08001457,0.320999,2.64134668,35.4188163,0.0898,0.18981555,25.3095,57.591,0.028,2.09529132,"20180628 09:21:29.302081","20180628 09:21:08.487000",1
311,0.07100771,0.036,0.071,0.0708879,0.07080502,0.0708,0.07073,0.07103,0.07123,0.0712737,0.07127375,0.07127999,0.08001457,0.320999,2.64134668,35.4188163,0.0898,0.18981555,25.3095,57.591,0.028,2.09529132,"20180628 09:21:29.812473","20180628 09:18:30.110000",1
290,0.07100771,0.036,0.071,0.0708879,0.07080502,0.0708,0.07073,0.07103,0.07123,0.0712737,0.07127375,0.07127999,0.08001457,0.320999,2.64134668,35.4188163,0.0898,0.18981555,25.3095,57.591,0.028,2.09529132,"20180628 09:21:29.832917","20180628 09:18:30.110000",1
41,0.071,0.01826243,0.071,0.0708879,0.07080502,0.0708,0.07073,0.07103,0.07123,0.0712737,0.07127375,0.07127999,0.08001457,0.320999,2.64134668,35.4188163,0.0898,0.18981555,25.3095,57.591,0.028,2.09529132,"20180628 09:21:30.597077","20180628 09:21:08.487000",1
83,0.071,0.01826243,0.071,0.0708879,0.07080502,0.0708,0.07073,0.07103,0.07123,0.0712737,0.07127375,0.07127999,0.08001457,0.320999,2.64134668,35.4188163,0.0898,0.18981555,25.3095,57.591,0.028,2.09529132,"20180628 09:21:30.788838","20180628 09:21:08.487000",1
312,0.07100771,0.036,0.071,0.0708879,0.07080502,0.0708,0.07073,0.07123,0.0712737,0.07127375,0.07127999,0.07128,0.08001457,0.320999,2.64134668,35.4188163,0.0898,25.28009233,57.591,0.028,2.09529132,0.1081,"20180628 09:21:31.413964","20180628 09:18:30.110000",1
291,0.07100771,0.036,0.071,0.0708879,0.07080502,0.0708,0.07073,0.07123,0.0712737,0.07127375,0.07127999,0.07128,0.08001457,0.320999,2.64134668,35.4188163,0.0898,25.28009233,57.591,0.028,2.09529132,0.1081,"20180628 09:21:31.437938","20180628 09:18:30.110000",1
42,0.071,0.01826243,0.071,0.0708879,0.07080502,0.0708,0.07073,0.07123,0.0712737,0.07127375,0.07127999,0.07128,0.08001457,0.320999,2.64134668,35.4188163,0.0898,25.28009233,57.591,0.028,2.09529132,0.1081,"20180628 09:21:32.198477","20180628 09:21:08.487000",1
84,0.071,0.01826243,0.071,0.0708879,0.07080502,0.0708,0.07073,0.07123,0.0712737,0.07127375,0.07127999,0.07128,0.08001457,0.320999,2.64134668,35.4188163,0.0898,25.28009233,57.591,0.028,2.09529132,0.1081,"20180628 09:21:32.391739","20180628 09:21:08.487000",1
62,0.071,0.01826243,0.071,0.0708879,0.07080502,0.0708,0.07073,0.07123,0.0712737,0.07127375,0.07127999,0.07128,0.08001457,0.320999,2.64134668,35.4188163,0.0898,25.28009233,57.591,0.028,2.09529132,0.1081,"20180628 09:21:32.932770","20180628 09:21:08.487000",1
43,0.071,0.01826243,0.071,0.0708879,0.07080502,0.0708,0.07073,0.0712737,0.07127375,0.07127999,0.07128,0.07132654,0.08001457,0.320999,2.64134668,35.4188163,0.0898,57.591,0.028,2.09529132,0.1081,7.01001421,"20180628 09:21:33.887789","20180628 09:21:08.487000",1
63,0.071,0.01826243,0.071,0.0708879,0.07080502,0.0708,0.07073,0.0712737,0.07127375,0.07127999,0.07128,0.07132654,0.08001457,0.320999,2.64134668,35.4188163,0.0898,57.591,0.028,2.09529132,0.1081,7.01001421,"20180628 09:21:34.542436","20180628 09:21:08.487000",1
313,0.07100771,0.036,0.071,0.0708879,0.07080502,0.0708,0.07073,0.0712737,0.07127375,0.07127999,0.07128,0.07132654,0.08001457,0.320999,2.64134668,35.4188163,0.0898,57.591,0.028,2.09529132,0.1081,7.01001421,"20180628 09:21:34.593134","20180628 09:18:30.110000",1
292,0.07100771,0.036,0.071,0.0708879,0.07080502,0.0708,0.07073,0.0712737,0.07127375,0.07127999,0.07128,0.07132654,0.08001457,0.320999,2.64134668,35.4188163,0.0898,57.591,0.028,2.09529132,0.1081,7.01001421,"20180628 09:21:34.597589","20180628 09:18:30.110000",1
85,0.071,0.01826243,0.071,0.0708879,0.07080502,0.0708,0.07073,0.0712737,0.07127375,0.07127999,0.07128,0.07132654,0.08001457,0.320999,2.64134668,35.4188163,0.0898,57.591,0.028,2.09529132,0.1081,7.01001421,"20180628 09:21:35.018948","20180628 09:21:08.487000",1
86,0.071,0.01826243,0.071,0.0708879,0.07080502,0.0708,0.07073,0.07126999,0.07127,0.071272,0.0712727,0.07127369,0.08001457,0.320999,2.64134668,35.4188163,0.0898,64.509,27.6581,9.0,9.989,4.103892,"20180628 09:21:36.609386","20180628 09:21:08.487000",1
44,0.071,0.01826243,0.071,0.0708879,0.07080502,0.0708,0.07073,0.07126999,0.07127,0.071272,0.0712727,0.07127369,0.08001457,0.320999,2.64134668,35.4188163,0.0898,64.509,27.6581,9.0,9.989,4.103892,"20180628 09:21:37.068106","20180628 09:21:08.487000",1
64,0.071,0.01826243,0.071,0.0708879,0.07080502,0.0708,0.07073,0.07126999,0.07127,0.071272,0.0712727,0.07127369,0.08001457,0.320999,2.64134668,35.4188163,0.0898,64.509,27.6581,9.0,9.989,4.103892,"20180628 09:21:37.740934","20180628 09:21:08.487000",1
314,0.07100771,0.036,0.071,0.0708879,0.07080502,0.0708,0.07073,0.07126999,0.07127,0.071272,0.0712727,0.07127369,0.08001457,0.320999,2.64134668,35.4188163,0.0898,64.509,27.6581,9.0,9.989,4.103892,"20180628 09:21:37.828294","20180628 09:18:30.110000",1
293,0.07100771,0.036,0.071,0.0708879,0.07080502,0.0708,0.07073,0.07126999,0.07127,0.071272,0.0712727,0.07127369,0.08001457,0.320999,2.64134668,35.4188163,0.0898,64.509,27.6581,9.0,9.989,4.103892,"20180628 09:21:37.829875","20180628 09:18:30.110000",1
45,0.071,0.01826243,0.071,0.0708879,0.07080502,0.0708,0.07073,0.07126999,0.07127,0.071272,0.0712727,0.07127369,0.08001457,0.320999,2.64134668,35.4188163,0.0898,63.11,27.6581,9.0,9.989,4.103892,"20180628 09:21:38.670623","20180628 09:21:08.487000",1
87,0.071,0.01826243,0.071,0.0708879,0.07080502,0.0708,0.07073,0.07126999,0.07127,0.071272,0.0712727,0.07127369,0.08001457,0.320999,2.64134668,35.4188163,0.0898,63.11,27.6581,9.0,9.989,4.103892,"20180628 09:21:39.081067","20180628 09:21:08.487000",1
65,0.071,0.01826243,0.071,0.0708879,0.07080502,0.0708,0.07073,0.07126999,0.07127,0.071272,0.0712727,0.07127369,0.08001457,0.320999,2.64134668,35.4188163,0.0898,63.11,27.6581,9.0,9.989,4.103892,"20180628 09:21:39.363457","20180628 09:21:08.487000",1
315,0.07100771,0.036,0.071,0.0708879,0.07080502,0.0708,0.07073,0.07126999,0.07127,0.071272,0.0712727,0.07127369,0.08001457,0.320999,2.64134668,35.4188163,0.0898,63.11,27.6581,9.0,9.989,4.103892,"20180628 09:21:39.419418","20180628 09:18:30.110000",1
46,0.071,0.01826243,0.071,0.0708879,0.07080502,0.0708,0.07073,0.07126899,0.071272,0.07127375,0.07127999,0.07128,0.08001457,0.320999,2.64134668,35.4188163,0.0898,9.989,9.0,0.028,2.09529132,0.1081,"20180628 09:21:40.350726","20180628 09:21:08.487000",1
88,0.071,0.01826243,0.071,0.0708879,0.07080502,0.0708,0.07073,0.07126899,0.071272,0.07127375,0.07127999,0.07128,0.08001457,0.320999,2.64134668,35.4188163,0.0898,9.989,9.0,0.028,2.09529132,0.1081,"20180628 09:21:40.651936","20180628 09:21:08.487000",1
66,0.071,0.01826243,0.071,0.0708879,0.07080502,0.0708,0.07073,0.07126899,0.071272,0.07127375,0.07127999,0.07128,0.08001457,0.320999,2.64134668,35.4188163,0.0898,9.989,9.0,0.028,2.09529132,0.1081,"20180628 09:21:40.964586","20180628 09:21:08.487000",1
316,0.07100771,0.036,0.071,0.0708879,0.07080502,0.0708,0.07073,0.07126899,0.071272,0.07127375,0.07127999,0.07128,0.08001457,0.320999,2.64134668,35.4188163,0.0898,9.989,9.0,0.028,2.09529132,0.1081,"20180628 09:21:41.002947","20180628 09:18:30.110000",1
294,0.07100771,0.036,0.071,0.0708879,0.07080502,0.0708,0.07073,0.07126899,0.071272,0.07127375,0.07127999,0.07128,0.08001457,0.320999,2.64134668,35.4188163,0.0898,9.989,9.0,0.028,2.09529132,0.1081,"20180628 09:21:41.495591","20180628 09:18:30.110000",1
89,0.071,0.01826243,0.071,0.0708879,0.07080502,0.0708,0.07073,0.07126899,0.07127375,0.07127999,0.07128,0.07130811,0.08001457,0.320999,2.64134668,35.4188163,0.0898,9.989,0.028,2.09529132,0.1081,58.464,"20180628 09:21:42.345150","20180628 09:21:08.487000",1
67,0.071,0.01826243,0.071,0.0708879,0.07080502,0.0708,0.07073,0.07126899,0.07127375,0.07127999,0.07128,0.07130811,0.08001457,0.320999,2.64134668,35.4188163,0.0898,9.989,0.028,2.09529132,0.1081,58.464,"20180628 09:21:42.594491","20180628 09:21:08.487000",1
317,0.07100771,0.036,0.071,0.0708879,0.07080502,0.0708,0.07073,0.07126899,0.07127375,0.07127999,0.07128,0.07130811,0.08001457,0.320999,2.64134668,35.4188163,0.0898,9.989,0.028,2.09529132,0.1081,58.464,"20180628 09:21:42.615080","20180628 09:18:30.110000",1
47,0.071,0.01826243,0.071,0.0708879,0.07080502,0.0708,0.07073,0.07126899,0.07127375,0.07127999,0.07128,0.07130811,0.08001457,0.320999,2.64134668,35.4188163,0.0898,9.989,0.028,2.09529132,0.1081,58.464,"20180628 09:21:43.596017","20180628 09:21:08.487000",1
318,0.07100771,0.036,0.071,0.0708879,0.07080502,0.0708,0.07073,0.071268,0.07126899,0.07126998,0.07127375,0.07127999,0.08001457,0.320999,2.64134668,35.4188163,0.0898,9.0,9.989,4.103892,0.028,2.09529132,"20180628 09:21:44.297303","20180628 09:18:30.110000",1
48,0.071,0.01826243,0.071,0.0708879,0.07080502,0.0708,0.07073,0.071265,0.071267,0.07126899,0.07126998,0.07127375,0.08001457,0.320999,2.64134668,35.4188163,0.0898,27.6899,9.0,9.989,4.103892,0.028,"20180628 09:21:45.332779","20180628 09:21:08.487000",1
49,0.071,0.06473757,0.071,0.0708879,0.07080502,0.0708,0.07073,0.071265,0.071267,0.07126899,0.07126998,0.07127375,0.08001457,0.320999,2.64134668,35.4188163,0.0898,27.6899,9.0,9.989,4.103892,0.028,"20180628 09:21:45.332779","20180628 09:21:20.193000",2
50,0.07100993,0.015,0.071,0.0708879,0.07080502,0.0708,0.07073,0.071265,0.071267,0.07126899,0.07126998,0.07127375,0.08001457,0.320999,2.64134668,35.4188163,0.0898,27.6899,9.0,9.989,4.103892,0.028,"20180628 09:21:45.332779","20180628 09:21:25.583000",2
51,0.07103,0.01032002,0.071,0.0708879,0.07080502,0.0708,0.07073,0.071265,0.071267,0.07126899,0.07126998,0.07127375,0.08001457,0.320999,2.64134668,35.4188163,0.0898,27.6899,9.0,9.989,4.103892,0.028,"20180628 09:21:45.332779","20180628 09:21:25.583000",2
52,0.07103,0.18981555,0.071,0.0708879,0.07080502,0.0708,0.07073,0.071265,0.071267,0.07126899,0.07126998,0.07127375,0.08001457,0.320999,2.64134668,35.4188163,0.0898,27.6899,9.0,9.989,4.103892,0.028,"20180628 09:21:45.332779","20180628 09:21:29.927000",2
53,0.07123,0.02940767,0.071,0.0708879,0.07080502,0.0708,0.07073,0.071265,0.071267,0.07126899,0.07126998,0.07127375,0.08001457,0.320999,2.64134668,35.4188163,0.0898,27.6899,9.0,9.989,4.103892,0.028,"20180628 09:21:45.332779","20180628 09:21:29.927000",2
319,0.07100771,0.036,0.071,0.0708879,0.07080502,0.0708,0.07073,0.071265,0.071267,0.07126899,0.07126998,0.07127375,0.08001457,0.320999,2.64134668,35.4188163,0.0898,27.6899,9.0,9.989,4.103892,0.028,"20180628 09:21:45.915707","20180628 09:18:30.110000",1
90,0.071,0.01826243,0.071,0.0708879,0.07080502,0.0708,0.07073,0.071265,0.071267,0.07126899,0.07126998,0.07127375,0.08001457,0.320999,2.64134668,35.4188163,0.0898,27.6899,9.0,9.989,4.103892,0.028,"20180628 09:21:46.131384","20180628 09:21:08.487000",1
68,0.071,0.06473757,0.071,0.0708879,0.07080502,0.0708,0.07073,0.07126899,0.07127375,0.07127999,0.07128,0.07130811,0.08001457,0.320999,2.64134668,35.4188163,0.0898,9.989,0.028,2.09529132,0.1081,58.464,"20180628 09:21:42.594491","20180628 09:21:20.193000",2
69,0.07100993,0.015,0.071,0.0708879,0.07080502,0.0708,0.07073,0.07126899,0.07127375,0.07127999,0.07128,0.07130811,0.08001457,0.320999,2.64134668,35.4188163,0.0898,9.989,0.028,2.09529132,0.1081,58.464,"20180628 09:21:42.594491","20180628 09:21:25.583000",2
70,0.07103,0.01032002,0.071,0.0708879,0.07080502,0.0708,0.07073,0.07126899,0.07127375,0.07127999,0.07128,0.07130811,0.08001457,0.320999,2.64134668,35.4188163,0.0898,9.989,0.028,2.09529132,0.1081,58.464,"20180628 09:21:42.594491","20180628 09:21:25.583000",2
71,0.07103,0.18981555,0.071,0.0708879,0.07080502,0.0708,0.07073,0.07126899,0.07127375,0.07127999,0.07128,0.07130811,0.08001457,0.320999,2.64134668,35.4188163,0.0898,9.989,0.028,2.09529132,0.1081,58.464,"20180628 09:21:42.594491","20180628 09:21:29.927000",2
72,0.07123,0.02940767,0.071,0.0708879,0.07080502,0.0708,0.07073,0.07126899,0.07127375,0.07127999,0.07128,0.07130811,0.08001457,0.320999,2.64134668,35.4188163,0.0898,9.989,0.028,2.09529132,0.1081,58.464,"20180628 09:21:42.594491","20180628 09:21:29.927000",2
91,0.071,0.06473757,0.071,0.0708879,0.07080502,0.0708,0.07073,0.071265,0.071267,0.07126899,0.07126998,0.07127375,0.08001457,0.320999,2.64134668,35.4188163,0.0898,27.6899,9.0,9.989,4.103892,0.028,"20180628 09:21:46.131384","20180628 09:21:20.193000",2
92,0.07100993,0.015,0.071,0.0708879,0.07080502,0.0708,0.07073,0.071265,0.071267,0.07126899,0.07126998,0.07127375,0.08001457,0.320999,2.64134668,35.4188163,0.0898,27.6899,9.0,9.989,4.103892,0.028,"20180628 09:21:46.131384","20180628 09:21:25.583000",2
93,0.07103,0.01032002,0.071,0.0708879,0.07080502,0.0708,0.07073,0.071265,0.071267,0.07126899,0.07126998,0.07127375,0.08001457,0.320999,2.64134668,35.4188163,0.0898,27.6899,9.0,9.989,4.103892,0.028,"20180628 09:21:46.131384","20180628 09:21:25.583000",2
94,0.07103,0.18981555,0.071,0.0708879,0.07080502,0.0708,0.07073,0.071265,0.071267,0.07126899,0.07126998,0.07127375,0.08001457,0.320999,2.64134668,35.4188163,0.0898,27.6899,9.0,9.989,4.103892,0.028,"20180628 09:21:46.131384","20180628 09:21:29.927000",2
95,0.07123,0.02940767,0.071,0.0708879,0.07080502,0.0708,0.07073,0.071265,0.071267,0.07126899,0.07126998,0.07127375,0.08001457,0.320999,2.64134668,35.4188163,0.0898,27.6899,9.0,9.989,4.103892,0.028,"20180628 09:21:46.131384","20180628 09:21:29.927000",2
73,0.07123,0.02940767,0.071,0.0708879,0.07080502,0.0708,0.07073,0.071265,0.071267,0.07126899,0.07126998,0.07127375,0.08001457,0.320999,2.64134668,35.4188163,0.0898,27.6899,9.0,9.989,4.103892,0.028,"20180628 09:21:46.915167","20180628 09:21:29.927000",1
295,0.07100771,0.036,0.071,0.0708879,0.07080502,0.0708,0.07073,0.07126899,0.07127375,0.07127999,0.07128,0.07130811,0.08001457,0.320999,2.64134668,35.4188163,0.0898,9.989,0.028,2.09529132,0.1081,58.464,"20180628 09:21:47.035276","20180628 09:18:30.110000",1
320,0.07100771,0.036,0.071,0.0708879,0.07080502,0.0708,0.07073,0.07126499,0.071265,0.071267,0.07127375,0.07127999,0.08001457,0.320999,2.64134668,35.4188163,0.0898,54.19,27.6899,13.019,0.028,2.09529132,"20180628 09:21:47.643446","20180628 09:18:30.110000",1
96,0.07123,0.02940767,0.071,0.0708879,0.07080502,0.0708,0.07073,0.07126499,0.071265,0.071267,0.07127375,0.07127999,0.08001457,0.320999,2.64134668,35.4188163,0.0898,54.19,27.6899,13.019,0.028,2.09529132,"20180628 09:21:47.759565","20180628 09:21:29.927000",1
54,0.07123,0.02940767,0.071,0.0708879,0.07080502,0.0708,0.07073,0.07126499,0.071265,0.071267,0.07127375,0.07127999,0.08001457,0.320999,2.64134668,35.4188163,0.0898,54.19,27.6899,13.019,0.028,2.09529132,"20180628 09:21:47.946472","20180628 09:21:29.927000",1
74,0.07123,0.02940767,0.071,0.0708879,0.07080502,0.0708,0.07073,0.07126499,0.071265,0.071267,0.07127375,0.07127999,0.08001457,0.320999,2.64134668,35.4188163,0.0898,54.19,27.6899,13.019,0.028,2.09529132,"20180628 09:21:48.482068","20180628 09:21:29.927000",1
296,0.07100771,0.036,0.071,0.0708879,0.07080502,0.0708,0.07073,0.07126499,0.071265,0.071267,0.07127375,0.07127999,0.08001457,0.320999,2.64134668,35.4188163,0.0898,54.19,27.6899,13.019,0.028,2.09529132,"20180628 09:21:48.643649","20180628 09:18:30.110000",1
321,0.07100771,0.036,0.071,0.0708879,0.07080502,0.0708,0.07073,0.07126399,0.071264,0.071267,0.07127375,0.07127999,0.08001457,0.320999,2.64134668,35.4188163,0.0898,54.19,5.97,13.019,0.028,2.09529132,"20180628 09:21:49.413636","20180628 09:18:30.110000",1
97,0.07123,0.02940767,0.071,0.0708879,0.07080502,0.0708,0.07073,0.071264,0.07126499,0.071267,0.07127375,0.07127999,0.08001457,0.320999,2.64134668,35.4188163,0.0898,5.97,54.19,13.019,0.028,2.09529132,"20180628 09:21:49.466183","20180628 09:21:29.927000",1
75,0.07123,0.02940767,0.071,0.0708879,0.07080502,0.0708,0.07073,0.071264,0.07126499,0.071267,0.07127375,0.07127999,0.08001457,0.320999,2.64134668,35.4188163,0.0898,5.97,54.19,13.019,0.028,2.09529132,"20180628 09:21:50.104396","20180628 09:21:29.927000",1
297,0.07100771,0.036,0.071,0.0708879,0.07080502,0.0708,0.07073,0.071264,0.07126499,0.071267,0.07127375,0.07127999,0.08001457,0.320999,2.64134668,35.4188163,0.0898,5.97,54.19,13.019,0.028,2.09529132,"20180628 09:21:50.256284","20180628 09:18:30.110000",1
55,0.07123,0.02940767,0.071,0.0708879,0.07080502,0.0708,0.07073,0.071264,0.07126499,0.071267,0.07127375,0.07127999,0.08001457,0.320999,2.64134668,35.4188163,0.0898,5.97,54.19,13.019,0.028,2.09529132,"20180628 09:21:50.276081","20180628 09:21:29.927000",1
322,0.07100771,0.036,0.071,0.0708879,0.07080502,0.0708,0.07073,0.071264,0.07126499,0.071267,0.07127375,0.07127999,0.08001457,0.320999,2.64134668,35.4188163,0.0898,5.97,54.19,13.019,0.028,2.09529132,"20180628 09:21:51.035632","20180628 09:18:30.110000",1
76,0.07123,0.02940767,0.071,0.0708879,0.07080502,0.0708,0.07073,0.07126399,0.071264,0.071267,0.07126898,0.07127375,0.08001457,0.320999,2.64134668,35.4188163,0.0898,54.19,5.97,13.019,4.103892,0.028,"20180628 09:21:51.803428","20180628 09:21:29.927000",1
56,0.07123,0.02940767,0.071,0.0708879,0.07080502,0.0708,0.07073,0.07126399,0.071264,0.071267,0.07126898,0.07127375,0.08001457,0.320999,2.64134668,35.4188163,0.0898,54.19,5.97,13.019,4.103892,0.028,"20180628 09:21:51.998407","20180628 09:21:29.927000",1
298,0.07100771,0.036,0.071,0.0708879,0.07080502,0.0708,0.07073,0.07125999,0.07126,0.07126399,0.071264,0.071267,0.08001457,0.320999,2.64134668,35.4188163,0.0898,57.446,27.3868,54.19,5.97,9.0,"20180628 09:21:52.016173","20180628 09:18:30.110000",1
323,0.07100771,0.036,0.071,0.0708879,0.07080502,0.0708,0.07073,0.07125999,0.07126,0.07126399,0.071264,0.071267,0.08001457,0.320999,2.64134668,35.4188163,0.0898,57.446,27.3868,54.19,5.97,9.0,"20180628 09:21:52.640617","20180628 09:18:30.110000",1
98,0.07123,0.02940767,0.071,0.0708879,0.07080502,0.0708,0.07073,0.07125999,0.07126,0.07126399,0.071264,0.071267,0.08001457,0.320999,2.64134668,35.4188163,0.0898,57.446,27.3868,54.19,5.97,9.0,"20180628 09:21:52.683723","20180628 09:21:29.927000",1
77,0.07123,0.02940767,0.071,0.0708879,0.07080502,0.0708,0.07073,0.07125999,0.07126,0.07126299,0.071264,0.071267,0.08001457,0.320999,2.64134668,35.4188163,0.0898,57.446,27.3868,4.019,5.97,9.0,"20180628 09:21:53.415221","20180628 09:21:29.927000",1
57,0.07123,0.02940767,0.071,0.0708879,0.07080502,0.0708,0.07073,0.07125999,0.07126,0.07126299,0.071264,0.071267,0.08001457,0.320999,2.64134668,35.4188163,0.0898,57.446,27.3868,4.019,5.97,9.0,"20180628 09:21:53.596723","20180628 09:21:29.927000",1
299,0.07100771,0.036,0.071,0.0708879,0.07080502,0.0708,0.07073,0.07125999,0.07126,0.07126299,0.071264,0.071267,0.08001457,0.320999,2.64134668,35.4188163,0.0898,57.446,27.3868,4.019,5.97,9.0,"20180628 09:21:53.617419","20180628 09:18:30.110000",1
324,0.07100771,0.036,0.071,0.0708879,0.07080502,0.0708,0.07073,0.07125999,0.07126,0.07126299,0.071264,0.071267,0.08001457,0.320999,2.64134668,35.4188163,0.0898,57.446,27.3868,4.019,5.97,9.0,"20180628 09:21:54.293270","20180628 09:18:30.110000",1
99,0.07123,0.02940767,0.071,0.0708879,0.07080502,0.0708,0.07073,0.07125999,0.07126,0.07126299,0.071264,0.071267,0.08001457,0.320999,2.64134668,35.4188163,0.0898,57.446,27.3868,4.019,5.97,9.0,"20180628 09:21:54.304608","20180628 09:21:29.927000",1
300,0.07100771,0.036,0.071,0.0708879,0.07080502,0.0708,0.07073,0.07125999,0.07126,0.07126299,0.071267,0.07127375,0.08001457,0.320999,2.64134668,35.4188163,0.0898,57.386,27.3868,4.019,9.0,0.028,"20180628 09:21:55.833630","20180628 09:18:30.110000",1
325,0.07100771,0.036,0.071,0.0708879,0.07080502,0.0708,0.07073,0.07125999,0.07126,0.07126299,0.071267,0.07127375,0.08001457,0.320999,2.64134668,35.4188163,0.0898,57.386,27.3868,4.019,9.0,0.028,"20180628 09:21:55.915948","20180628 09:18:30.110000",1
100,0.07123,0.02940767,0.071,0.0708879,0.07080502,0.0708,0.07073,0.07125999,0.07126,0.07126299,0.071267,0.07127375,0.08001457,0.320999,2.64134668,35.4188163,0.0898,57.386,27.3868,4.019,9.0,0.028,"20180628 09:21:55.936119","20180628 09:21:29.927000",1
78,0.07123,0.02940767,0.071,0.0708879,0.07080502,0.0708,0.07073,0.07125999,0.07126,0.07126299,0.071267,0.07127375,0.08001457,0.320999,2.64134668,35.4188163,0.0898,57.386,27.3868,4.019,9.0,0.028,"20180628 09:21:56.655516","20180628 09:21:29.927000",1
58,0.07123,0.02940767,0.071,0.0708879,0.07080502,0.0708,0.07073,0.07125999,0.07126,0.07126299,0.071267,0.07127375,0.08001457,0.320999,2.64134668,35.4188163,0.0898,57.386,27.3868,4.019,9.0,0.028,"20180628 09:21:56.822059","20180628 09:21:29.927000",1
326,0.07100771,0.036,0.071,0.0708879,0.07080502,0.0708,0.07073,0.07125898,0.07125899,0.07126299,0.07126498,0.071267,0.08001457,0.320999,2.64134668,35.4188163,0.0898,52.43,5.97,4.019,4.103892,9.0,"20180628 09:21:57.645044","20180628 09:18:30.110000",1
101,0.07123,0.02940767,0.071,0.0708879,0.07080502,0.0708,0.07073,0.07125898,0.07125899,0.07126299,0.07126498,0.071267,0.08001457,0.320999,2.64134668,35.4188163,0.0898,52.43,5.97,4.019,4.103892,9.0,"20180628 09:21:57.686811","20180628 09:21:29.927000",1
301,0.07100771,0.036,0.071,0.0708879,0.07080502,0.0708,0.07073,0.07125898,0.07125899,0.07126299,0.07126498,0.071267,0.08001457,0.320999,2.64134668,35.4188163,0.0898,52.43,5.97,4.019,4.103892,9.0,"20180628 09:21:58.078370","20180628 09:18:30.110000",1
79,0.07123,0.02940767,0.071,0.0708879,0.07080502,0.0708,0.07073,0.07125898,0.07125899,0.07126299,0.07126498,0.071267,0.08001457,0.320999,2.64134668,35.4188163,0.0898,52.43,5.97,4.019,4.103892,9.0,"20180628 09:21:58.281803","20180628 09:21:29.927000",1
59,0.07123,0.02940767,0.071,0.0708879,0.07080502,0.0708,0.07073,0.07125898,0.07125899,0.07126299,0.07126498,0.071267,0.08001457,0.320999,2.64134668,35.4188163,0.0898,52.43,5.97,4.019,4.103892,9.0,"20180628 09:21:58.445130","20180628 09:21:29.927000",1
302,0.07100771,0.036,0.071,0.0708879,0.07080502,0.0708,0.07073,0.07125898,0.07125899,0.071267,0.07127375,0.07127999,0.08001457,0.320999,2.64134668,35.4188163,0.0898,47.459,9.989,9.0,0.028,2.09529132,"20180628 09:21:59.800250","20180628 09:18:30.110000",1
80,0.07123,0.02940767,0.071,0.0708879,0.07080502,0.0708,0.07073,0.07125898,0.07125899,0.071267,0.07127375,0.07127999,0.08001457,0.320999,2.64134668,35.4188163,0.0898,47.459,9.989,9.0,0.028,2.09529132,"20180628 09:21:59.870850","20180628 09:21:29.927000",1
60,0.07123,0.02940767,0.071,0.0708879,0.07080502,0.0708,0.07073,0.07125898,0.07125899,0.071267,0.07127375,0.07127999,0.08001457,0.320999,2.64134668,35.4188163,0.0898,47.459,9.989,9.0,0.028,2.09529132,"20180628 09:22:00.064577","20180628 09:21:29.927000",1
102,0.07123,0.02940767,0.071,0.0708879,0.07080502,0.0708,0.07073,0.07125898,0.07125899,0.071267,0.07127375,0.07127999,0.08001457,0.320999,2.64134668,35.4188163,0.0898,47.459,9.989,9.0,0.028,2.09529132,"20180628 09:22:00.852314","20180628 09:21:29.927000",1
327,0.07100771,0.036,0.071,0.0708879,0.07080502,0.0708,0.07073,0.07125898,0.07125899,0.071267,0.07127375,0.07127999,0.08001457,0.320999,2.64134668,35.4188163,0.0898,47.459,9.989,9.0,0.028,2.09529132,"20180628 09:22:00.889018","20180628 09:18:30.110000",1
81,0.07123,0.02940767,0.07101158,0.071,0.0708879,0.07080502,0.0708,0.07125499,0.071255,0.07125899,0.071267,0.07127375,0.015,0.08001457,0.320999,2.64134668,35.4188163,47.459,26.9402,9.989,9.0,0.028,"20180628 09:22:01.595626","20180628 09:21:29.927000",1
61,0.07123,0.02940767,0.07101158,0.071,0.0708879,0.07080502,0.0708,0.07125499,0.071255,0.07125899,0.071267,0.07127375,0.015,0.08001457,0.320999,2.64134668,35.4188163,47.459,26.9402,9.989,9.0,0.028,"20180628 09:22:01.697897","20180628 09:21:29.927000",1
303,0.07100771,0.036,0.07101158,0.071,0.0708879,0.07080502,0.0708,0.07125499,0.071255,0.07125899,0.071267,0.07127375,0.015,0.08001457,0.320999,2.64134668,35.4188163,47.459,26.9402,9.989,9.0,0.028,"20180628 09:22:01.893159","20180628 09:18:30.110000",1
103,0.07123,0.02940767,0.07101158,0.071,0.0708879,0.07080502,0.0708,0.07125499,0.071255,0.07125899,0.071267,0.07127375,0.015,0.08001457,0.320999,2.64134668,35.4188163,47.459,26.9402,9.989,9.0,0.028,"20180628 09:22:02.468674","20180628 09:21:29.927000",1
328,0.07100771,0.036,0.07101158,0.071,0.0708879,0.07080502,0.0708,0.07125499,0.071255,0.07125899,0.071267,0.07127375,0.015,0.08001457,0.320999,2.64134668,35.4188163,47.459,26.9402,9.989,9.0,0.028,"20180628 09:22:02.517987","20180628 09:18:30.110000",1
82,0.07123,0.02940767,0.07102969,0.07101158,0.071,0.0708879,0.07080502,0.07125499,0.071255,0.07125899,0.07125998,0.071267,0.01456892,0.015,0.08001457,0.320999,2.64134668,47.459,26.9402,9.989,4.103892,9.0,"20180628 09:22:03.303401","20180628 09:21:29.927000",1
304,0.07100771,0.036,0.07102969,0.07101158,0.071,0.0708879,0.07080502,0.07125499,0.071255,0.07125899,0.07125998,0.071267,0.01456892,0.015,0.08001457,0.320999,2.64134668,47.459,26.9402,9.989,4.103892,9.0,"20180628 09:22:03.498389","20180628 09:18:30.110000",1
104,0.07123,0.02940767,0.07102969,0.07101158,0.071,0.0708879,0.07080502,0.07125499,0.071255,0.07125899,0.07125998,0.071267,0.01456892,0.015,0.08001457,0.320999,2.64134668,47.459,26.9402,9.989,4.103892,9.0,"20180628 09:22:04.087930","20180628 09:21:29.927000",1
329,0.07100771,0.036,0.07102969,0.07101158,0.071,0.0708879,0.07080502,0.07125499,0.071255,0.07125899,0.07125998,0.071267,0.01456892,0.015,0.08001457,0.320999,2.64134668,47.459,26.9402,9.989,4.103892,9.0,"20180628 09:22:04.124423","20180628 09:18:30.110000",1
62,0.07123,0.02940767,0.07102969,0.07101158,0.071,0.0708879,0.07080502,0.07125499,0.071255,0.07125899,0.07125998,0.071267,0.01456892,0.015,0.08001457,0.320999,2.64134668,47.459,26.9402,9.989,4.103892,9.0,"20180628 09:22:04.902536","20180628 09:21:29.927000",1
305,0.07100771,0.036,0.07102969,0.07101158,0.071,0.07089569,0.07080502,0.07125399,0.07125499,0.07125998,0.071267,0.07127375,0.01456892,0.015,0.08001457,0.905,2.64134668,0.0201,47.138001,4.103892,9.0,0.028,"20180628 09:22:05.269703","20180628 09:18:30.110000",1
105,0.07123,0.02940767,0.07102969,0.07101158,0.071,0.07089569,0.07080502,0.07125399,0.07125499,0.07125998,0.071267,0.07127375,0.01456892,0.015,0.08001457,0.905,2.64134668,0.0201,47.138001,4.103892,9.0,0.028,"20180628 09:22:05.786020","20180628 09:21:29.927000",1
330,0.07100771,0.036,0.07102969,0.07101158,0.071,0.07089569,0.07080502,0.07125399,0.07125499,0.07125998,0.071267,0.07127375,0.01456892,0.015,0.08001457,0.905,2.64134668,0.0201,47.138001,4.103892,9.0,0.028,"20180628 09:22:06.153102","20180628 09:18:30.110000",1
63,0.07123,0.02940767,0.07102969,0.07101158,0.071,0.07089569,0.07080502,0.07125398,0.07125399,0.071267,0.07127375,0.07128,0.01456892,0.015,0.08001457,0.905,2.64134668,51.768,5.9901,9.0,0.028,0.1081,"20180628 09:22:06.631854","20180628 09:21:29.927000",1
306,0.07100771,0.036,0.07102969,0.07101158,0.071,0.07089569,0.07080502,0.07125398,0.07125399,0.071267,0.07127375,0.07128,0.01456892,0.015,0.08001457,0.905,2.64134668,51.768,5.9901,9.0,0.028,0.1081,"20180628 09:22:06.876191","20180628 09:18:30.110000",1
83,0.07123,0.02940767,0.07102969,0.07101158,0.071,0.07089569,0.07080502,0.07125398,0.07125399,0.071267,0.07127375,0.07128,0.01456892,0.015,0.08001457,0.905,2.64134668,51.768,5.9901,9.0,0.028,0.1081,"20180628 09:22:07.192288","20180628 09:21:29.927000",1
106,0.07123,0.02940767,0.07102969,0.07101158,0.071,0.07089569,0.07080502,0.07125398,0.07125399,0.071267,0.07127375,0.07128,0.01456892,0.015,0.08001457,0.905,2.64134668,51.768,5.9901,9.0,0.028,0.1081,"20180628 09:22:07.386905","20180628 09:21:29.927000",1
331,0.07100771,0.036,0.07102969,0.07101158,0.071,0.07089569,0.07080502,0.07125398,0.07125399,0.071267,0.07127375,0.07128,0.01456892,0.015,0.08001457,0.905,2.64134668,51.768,5.9901,9.0,0.028,0.1081,"20180628 09:22:07.752615","20180628 09:18:30.110000",1
64,0.07123,0.02940767,0.07102969,0.07101158,0.071,0.07089569,0.07080502,0.07125,0.07125398,0.07125399,0.071267,0.07127375,0.01456892,0.015,0.08001457,0.905,2.64134668,26.7471,51.74808065,5.9901,9.0,0.028,"20180628 09:22:08.305900","20180628 09:21:29.927000",1
307,0.07100771,0.036,0.07102969,0.07101158,0.071,0.07089569,0.07080502,0.07125,0.07125398,0.07125399,0.071267,0.07127375,0.01456892,0.015,0.08001457,0.905,2.64134668,26.7471,51.74808065,5.9901,9.0,0.028,"20180628 09:22:08.501143","20180628 09:18:30.110000",1
84,0.07123,0.02940767,0.07102969,0.07101158,0.071,0.07089569,0.07080502,0.07125,0.07125398,0.07125399,0.071267,0.07127375,0.01456892,0.015,0.08001457,0.905,2.64134668,26.7471,51.74808065,5.9901,9.0,0.028,"20180628 09:22:08.808477","20180628 09:21:29.927000",1
107,0.07123,0.02940767,0.07102969,0.07101158,0.071,0.07089569,0.07080502,0.07125,0.07125398,0.07125399,0.071267,0.07127375,0.01456892,0.015,0.08001457,0.905,2.64134668,26.7471,51.74808065,5.9901,9.0,0.028,"20180628 09:22:08.991786","20180628 09:21:29.927000",1
332,0.07100771,0.036,0.07102969,0.07101158,0.071,0.07089569,0.07080502,0.07125,0.07125398,0.07125399,0.071267,0.07127375,0.01456892,0.015,0.08001457,0.905,2.64134668,26.7471,51.74808065,5.9901,9.0,0.028,"20180628 09:22:09.374262","20180628 09:18:30.110000",1
308,0.07100771,0.036,0.07102969,0.07101158,0.071,0.07089569,0.07080502,0.07124999,0.07125,0.07125399,0.07125897,0.071267,0.01456892,0.015,0.08001457,0.905,2.64134668,51.768,26.7471,5.97,4.103892,9.0,"20180628 09:22:10.225911","20180628 09:18:30.110000",1
85,0.07123,0.02940767,0.07102969,0.07101158,0.071,0.07089569,0.07080502,0.07124999,0.07125,0.07125399,0.07125897,0.071267,0.01456892,0.015,0.08001457,0.905,2.64134668,51.768,26.7471,5.97,4.103892,9.0,"20180628 09:22:10.418724","20180628 09:21:29.927000",1
108,0.07123,0.02940767,0.07102969,0.07101158,0.071,0.07089569,0.07080502,0.07124999,0.07125,0.07125399,0.07125897,0.071267,0.01456892,0.015,0.08001457,0.905,2.64134668,51.768,26.7471,5.97,4.103892,9.0,"20180628 09:22:10.593101","20180628 09:21:29.927000",1
333,0.07100771,0.036,0.07102969,0.07101158,0.071,0.07089569,0.07080502,0.07124999,0.07125,0.07125399,0.07125897,0.071267,0.01456892,0.015,0.08001457,0.905,2.64134668,51.768,26.7471,5.97,4.103892,9.0,"20180628 09:22:10.988437","20180628 09:18:30.110000",1
65,0.07123,0.02940767,0.07102969,0.07101158,0.071,0.07089569,0.07080502,0.07124999,0.07125,0.07125399,0.07125897,0.071267,0.01456892,0.015,0.08001457,0.905,2.64134668,51.768,26.7471,5.97,4.103892,9.0,"20180628 09:22:11.515897","20180628 09:21:29.927000",1
109,0.07123,0.02940767,0.07102969,0.07101158,0.071,0.07089569,0.07080502,0.07124999,0.07125,0.07125298,0.07125399,0.07125897,0.01456892,0.015,0.08001457,0.905,2.64134668,51.768,26.7471,4.019,5.97,4.103892,"20180628 09:22:12.319463","20180628 09:21:29.927000",1
334,0.07100771,0.036,0.07102969,0.07101158,0.071,0.07089569,0.07080502,0.07124999,0.07125298,0.071267,0.07127375,0.07128,0.01456892,0.015,0.08001457,0.905,2.64134668,51.768,4.019,9.0,0.028,0.1081,"20180628 09:22:12.728774","20180628 09:18:30.110000",1
66,0.07123,0.02940767,0.07102969,0.07101158,0.071,0.07089569,0.07080502,0.07124999,0.07125298,0.071267,0.07127375,0.07128,0.01456892,0.015,0.08001457,0.905,2.64134668,51.768,4.019,9.0,0.028,0.1081,"20180628 09:22:13.140437","20180628 09:21:29.927000",1
309,0.07100771,0.036,0.07102969,0.07101158,0.071,0.07089569,0.07080502,0.07124999,0.07125298,0.071267,0.07127375,0.07128,0.01456892,0.015,0.08001457,0.905,2.64134668,51.768,4.019,9.0,0.028,0.1081,"20180628 09:22:13.443188","20180628 09:18:30.110000",1
86,0.07123,0.02940767,0.07102969,0.07101158,0.071,0.07089569,0.07080502,0.07124999,0.07125298,0.071267,0.07127375,0.07128,0.01456892,0.015,0.08001457,0.905,2.64134668,51.768,4.019,9.0,0.028,0.1081,"20180628 09:22:13.609732","20180628 09:21:29.927000",1
110,0.07123,0.02940767,0.07102969,0.07101158,0.071,0.07089569,0.07080502,0.07124999,0.07125298,0.071267,0.07127375,0.07128,0.01456892,0.015,0.08001457,0.905,2.64134668,51.768,4.019,9.0,0.028,0.1081,"20180628 09:22:13.944783","20180628 09:21:29.927000",1
310,0.07100771,0.036,0.07102969,0.07101158,0.071,0.07089569,0.07080502,0.07124899,0.07124999,0.07125298,0.071267,0.07127375,0.01456892,0.015,0.08001457,0.905,2.64134668,5.97,51.768,4.019,9.0,0.028,"20180628 09:22:15.029991","20180628 09:18:30.110000",1
87,0.07123,0.02940767,0.07102969,0.07101158,0.071,0.07089569,0.07080502,0.07124899,0.07124999,0.07125298,0.071267,0.07127375,0.01456892,0.015,0.08001457,0.905,2.64134668,5.97,51.768,4.019,9.0,0.028,"20180628 09:22:15.234928","20180628 09:21:29.927000",1
67,0.07123,0.02940767,0.07102969,0.07101158,0.071,0.07089569,0.07080502,0.07124899,0.07124999,0.07125298,0.071267,0.07127375,0.01456892,0.015,0.08001457,0.905,2.64134668,5.97,51.768,4.019,9.0,0.028,"20180628 09:22:15.786881","20180628 09:21:29.927000",1
111,0.07123,0.02940767,0.07102969,0.07101158,0.071,0.07089569,0.07080502,0.07124899,0.07124999,0.07125298,0.071267,0.07127375,0.01456892,0.015,0.08001457,0.905,2.64134668,5.97,51.768,4.019,9.0,0.028,"20180628 09:22:16.376963","20180628 09:21:29.927000",1
112,0.07125499,0.320999,0.07102969,0.07101158,0.071,0.07089569,0.07080502,0.07124899,0.07124999,0.07125298,0.071267,0.07127375,0.01456892,0.015,0.08001457,0.905,2.64134668,5.97,51.768,4.019,9.0,0.028,"20180628 09:22:16.376963","20180628 09:22:02.620000",2
113,0.07125398,0.01991935,0.07102969,0.07101158,0.071,0.07089569,0.07080502,0.07124899,0.07124999,0.07125298,0.071267,0.07127375,0.01456892,0.015,0.08001457,0.905,2.64134668,5.97,51.768,4.019,9.0,0.028,"20180628 09:22:16.376963","20180628 09:22:05.903000",2
335,0.07100771,0.036,0.07102969,0.07101158,0.071,0.07089569,0.07080502,0.07124899,0.07124999,0.07125298,0.071267,0.07127375,0.01456892,0.015,0.08001457,0.905,2.64134668,5.97,51.768,4.019,9.0,0.028,"20180628 09:22:16.907770","20180628 09:18:30.110000",1
88,0.07123,0.02940767,0.07102969,0.07101158,0.07089569,0.07080502,0.0708,0.07124,0.07124898,0.07124899,0.071267,0.07127375,0.01456892,0.015,0.905,2.64134668,35.4188163,26.0074,52.049,5.97,9.0,0.028,"20180628 09:22:16.958781","20180628 09:21:29.927000",1
68,0.07123,0.02940767,0.07102969,0.07101158,0.07089569,0.07080502,0.0708,0.07123999,0.07124,0.07124899,0.071267,0.07127375,0.01456892,0.015,0.905,2.64134668,35.4188163,52.064,26.0074,5.9901,9.0,0.028,"20180628 09:22:17.364769","20180628 09:21:29.927000",1
69,0.07125499,0.320999,0.07102969,0.07101158,0.07089569,0.07080502,0.0708,0.07123999,0.07124,0.07124899,0.071267,0.07127375,0.01456892,0.015,0.905,2.64134668,35.4188163,52.064,26.0074,5.9901,9.0,0.028,"20180628 09:22:17.364769","20180628 09:22:02.620000",2
70,0.07125398,0.01991935,0.07102969,0.07101158,0.07089569,0.07080502,0.0708,0.07123999,0.07124,0.07124899,0.071267,0.07127375,0.01456892,0.015,0.905,2.64134668,35.4188163,52.064,26.0074,5.9901,9.0,0.028,"20180628 09:22:17.364769","20180628 09:22:05.903000",2
89,0.07125499,0.320999,0.07102969,0.07101158,0.07089569,0.07080502,0.0708,0.07124,0.07124898,0.07124899,0.071267,0.07127375,0.01456892,0.015,0.905,2.64134668,35.4188163,26.0074,52.049,5.97,9.0,0.028,"20180628 09:22:16.958781","20180628 09:22:02.620000",2
90,0.07125398,0.01991935,0.07102969,0.07101158,0.07089569,0.07080502,0.0708,0.07124,0.07124898,0.07124899,0.071267,0.07127375,0.01456892,0.015,0.905,2.64134668,35.4188163,26.0074,52.049,5.97,9.0,0.028,"20180628 09:22:16.958781","20180628 09:22:05.903000",2
114,0.07125398,0.01991935,0.07102969,0.07101158,0.07089569,0.07080502,0.0708,0.07123999,0.07124,0.07124899,0.071267,0.07127375,0.01456892,0.015,0.905,2.64134668,35.4188163,52.064,26.0074,5.9901,9.0,0.028,"20180628 09:22:17.961530","20180628 09:22:05.903000",1
311,0.07100771,0.036,0.07102969,0.07101158,0.07089569,0.07080502,0.0708,0.07123999,0.07124,0.07124899,0.071267,0.07127375,0.01456892,0.015,0.905,2.64134668,35.4188163,52.064,26.0074,5.9901,9.0,0.028,"20180628 09:22:18.058368","20180628 09:18:30.110000",1
336,0.07100771,0.036,0.07102969,0.07101158,0.07089569,0.07080502,0.0708,0.07123999,0.07124,0.07124899,0.071267,0.07127375,0.01456892,0.015,0.905,2.64134668,35.4188163,52.064,26.0074,5.9901,9.0,0.028,"20180628 09:22:18.493916","20180628 09:18:30.110000",1
91,0.07125398,0.01991935,0.07102969,0.07101158,0.07089569,0.07080502,0.0708,0.07123999,0.07124,0.07124899,0.071267,0.07127375,0.01456892,0.015,0.905,2.64134668,35.4188163,52.064,26.0074,5.9901,9.0,0.028,"20180628 09:22:18.595986","20180628 09:22:05.903000",1
337,0.07100771,0.036,0.07102969,0.07101158,0.07089569,0.07080502,0.0708,0.07123999,0.07124899,0.071267,0.07127375,0.07127999,0.01456892,0.015,0.905,2.64134668,35.4188163,43.422,0.0201,9.0,0.028,2.09529134,"20180628 09:22:20.239489","20180628 09:18:30.110000",1
71,0.07125398,0.01991935,0.07102969,0.07101158,0.07089569,0.07080502,0.0708,0.07123999,0.07124899,0.071267,0.07127375,0.07127999,0.01456892,0.015,0.905,2.64134668,35.4188163,43.422,0.0201,9.0,0.028,2.09529134,"20180628 09:22:20.578381","20180628 09:22:05.903000",1
115,0.07125398,0.01991935,0.07102969,0.07101158,0.07089569,0.07080502,0.0708,0.07123999,0.07124899,0.071267,0.07127375,0.07127999,0.01456892,0.015,0.905,2.64134668,35.4188163,43.422,0.0201,9.0,0.028,2.09529134,"20180628 09:22:21.166606","20180628 09:22:05.903000",1
312,0.07100771,0.036,0.07102969,0.07101158,0.07089569,0.07080502,0.0708,0.07123999,0.07124899,0.071267,0.07127375,0.07127999,0.01456892,0.015,0.905,2.64134668,35.4188163,43.422,0.0201,9.0,0.028,2.09529134,"20180628 09:22:21.293540","20180628 09:18:30.110000",1
92,0.07125398,0.01991935,0.07102969,0.07101158,0.07089569,0.07080502,0.0708,0.07123999,0.07124899,0.071267,0.07127375,0.07127999,0.01456892,0.015,0.905,2.64134668,35.4188163,43.422,0.0201,9.0,0.028,2.09529134,"20180628 09:22:21.839178","20180628 09:22:05.903000",1
72,0.07125398,0.01991935,0.07102969,0.07101158,0.07089569,0.07080502,0.0708,0.07123898,0.07123899,0.07124899,0.071267,0.07127375,0.03156892,0.015,0.905,2.64134668,35.4188163,43.417,5.97,0.0201,9.0,0.028,"20180628 09:22:22.296513","20180628 09:22:05.903000",1
313,0.07100771,0.036,0.07102969,0.07101158,0.07089569,0.07080502,0.0708,0.07123898,0.07123899,0.071267,0.07127375,0.07128,0.03156892,0.015,0.905,2.64134668,35.4188163,43.417,5.97,9.0,0.028,0.1081,"20180628 09:22:22.917579","20180628 09:18:30.110000",1
338,0.07100771,0.036,0.07102969,0.07101158,0.07089569,0.07080502,0.0708,0.07123898,0.07123899,0.071267,0.07127375,0.07128,0.03156892,0.015,0.905,2.64134668,35.4188163,43.417,5.97,9.0,0.028,0.1081,"20180628 09:22:23.463975","20180628 09:18:30.110000",1
93,0.07125398,0.01991935,0.07102969,0.07101158,0.07089569,0.07080502,0.0708,0.07123898,0.07123899,0.071267,0.07127375,0.07128,0.03156892,0.015,0.905,2.64134668,35.4188163,43.417,5.97,9.0,0.028,0.1081,"20180628 09:22:23.475863","20180628 09:22:05.903000",1
116,0.07125398,0.01991935,0.07102969,0.07101158,0.07089569,0.07080502,0.0708,0.07123898,0.07123899,0.071267,0.07127375,0.07128,0.03156892,0.015,0.905,2.64134668,35.4188163,43.417,5.97,9.0,0.028,0.1081,"20180628 09:22:23.806386","20180628 09:22:05.903000",1
73,0.07125398,0.01991935,0.07102969,0.07101158,0.07089569,0.07080502,0.0708,0.07123898,0.07123899,0.071267,0.07127375,0.07128,0.03156892,0.015,0.905,2.64134668,35.4188163,43.417,5.97,9.0,0.028,0.1081,"20180628 09:22:24.823645","20180628 09:22:05.903000",1
94,0.07125398,0.01991935,0.07102969,0.07101158,0.07089569,0.07080502,0.0708,0.07123499,0.071235,0.07123899,0.07127375,0.07128,0.03156892,0.015,0.905,2.64134668,35.4188163,27.667,25.587,9.989,0.028,0.1081,"20180628 09:22:25.114427","20180628 09:22:05.903000",1
339,0.07100771,0.036,0.07102969,0.07101158,0.07089569,0.07080502,0.0708,0.07123499,0.071235,0.07123899,0.07127375,0.07128,0.03156892,0.015,0.905,2.64134668,35.4188163,27.667,25.587,9.989,0.028,0.1081,"20180628 09:22:25.715090","20180628 09:18:30.110000",1
314,0.07100771,0.036,0.07102969,0.07101158,0.07089569,0.07080502,0.0708,0.07123499,0.071235,0.07123899,0.07127375,0.07128,0.03156892,0.015,0.905,2.64134668,35.4188163,27.667,25.587,9.989,0.028,0.1081,"20180628 09:22:25.777448","20180628 09:18:30.110000",1
117,0.07125398,0.01991935,0.07102969,0.07101158,0.07089569,0.07080502,0.0708,0.07123499,0.071235,0.07123899,0.07127375,0.07128,0.03156892,0.015,0.905,2.64134668,35.4188163,27.667,25.587,9.989,0.028,0.1081,"20180628 09:22:25.862438","20180628 09:22:05.903000",1
74,0.07125398,0.01991935,0.07102969,0.07101158,0.07089569,0.07080502,0.0708,0.07123499,0.071235,0.07123899,0.07127375,0.07128,0.03156892,0.015,0.905,2.64134668,35.4188163,27.667,25.587,9.989,0.028,0.1081,"20180628 09:22:26.459765","20180628 09:22:05.903000",1
340,0.07100771,0.036,0.07102969,0.07101158,0.07089569,0.07080502,0.0708,0.07123,0.07123499,0.07127374,0.07127375,0.07127999,0.03156892,0.015,0.905,2.64134668,35.4188163,25.2975,27.667,2.0952913,0.028,2.09529134,"20180628 09:22:29.093781","20180628 09:18:30.110000",1
118,0.07125398,0.01991935,0.07102969,0.07101158,0.07089569,0.07080502,0.0708,0.07123,0.07123499,0.07127374,0.07127375,0.07127999,0.03156892,0.015,0.905,2.64134668,35.4188163,25.2975,27.667,2.0952913,0.028,2.09529134,"20180628 09:22:29.103326","20180628 09:22:05.903000",1
75,0.07125398,0.01991935,0.07102969,0.07101158,0.07089569,0.07080502,0.0708,0.07123,0.07123499,0.07127374,0.07127375,0.07127999,0.03156892,0.015,0.905,2.64134668,35.4188163,25.2975,27.667,2.0952913,0.028,2.09529134,"20180628 09:22:29.668321","20180628 09:22:05.903000",1
95,0.07125398,0.01991935,0.07102969,0.07101158,0.07089569,0.07080502,0.0708,0.07123,0.07123398,0.07123399,0.07127374,0.07127375,0.03156892,0.015,0.905,2.64134668,35.4188163,25.2975,27.667,9.989,2.0952913,0.028,"20180628 09:22:30.224328","20180628 09:22:05.903000",1
315,0.07100771,0.036,0.07102969,0.07101158,0.07089569,0.07080502,0.0708,0.07123,0.07123499,0.07127374,0.07127375,0.07127999,0.03156892,0.015,0.905,2.64134668,35.4188163,25.2975,27.667,2.0952913,0.028,2.09529134,"20180628 09:22:30.332076","20180628 09:18:30.110000",1
341,0.07100771,0.036,0.07102969,0.07101158,0.07089569,0.07080502,0.0708,0.07123,0.07123398,0.07123399,0.07127374,0.07127375,0.03156892,0.015,0.905,2.64134668,35.4188163,25.2975,27.667,9.989,2.0952913,0.028,"20180628 09:22:30.705194","20180628 09:18:30.110000",1
119,0.07125398,0.01991935,0.07102969,0.07101158,0.07089569,0.07080502,0.0708,0.07123,0.07123398,0.07123399,0.07127374,0.07127375,0.03156892,0.015,0.905,2.64134668,35.4188163,25.2975,27.667,9.989,2.0952913,0.028,"20180628 09:22:30.741716","20180628 09:22:05.903000",1
76,0.07125398,0.01991935,0.07102969,0.07101158,0.07089569,0.07080502,0.0708,0.07123,0.07123398,0.07123399,0.07127374,0.07127375,0.03156892,0.015,0.905,2.64134668,35.4188163,25.2975,27.667,9.989,2.0952913,0.028,"20180628 09:22:31.292888","20180628 09:22:05.903000",1
316,0.07100771,0.036,0.07102969,0.07101158,0.07089569,0.07080502,0.0708,0.07123,0.07123398,0.07123399,0.07127374,0.07127375,0.03156892,0.015,0.905,2.64134668,35.4188163,25.2975,27.667,9.989,2.0952913,0.028,"20180628 09:22:31.964154","20180628 09:18:30.110000",1
342,0.07100771,0.036,0.07102969,0.07101158,0.07089569,0.07080502,0.0708,0.07123,0.07123398,0.07123399,0.07127375,0.07127999,0.03156892,0.015,0.905,2.64134668,35.4188163,25.2975,27.667,9.989,0.028,2.09529134,"20180628 09:22:32.411851","20180628 09:18:30.110000",1
77,0.07125398,0.01991935,0.07114209,0.07102969,0.07101158,0.07089569,0.07080502,0.07123,0.07123398,0.07123399,0.07127375,0.07127998,0.03256892,0.03156892,0.015,0.905,2.64134668,25.2975,27.667,9.989,0.028,2.09529134,"20180628 09:22:32.918848","20180628 09:22:05.903000",1
96,0.07125398,0.01991935,0.07114209,0.07102969,0.07101158,0.07089569,0.07080502,0.07123,0.07123398,0.07123399,0.07127375,0.07127998,0.03256892,0.03156892,0.015,0.905,2.64134668,25.2975,27.667,9.989,0.028,2.09529134,"20180628 09:22:33.439597","20180628 09:22:05.903000",1
317,0.07100771,0.036,0.07114209,0.07102969,0.07101158,0.07089569,0.07080502,0.07123,0.07123398,0.07123399,0.07127375,0.07127998,0.03256892,0.03156892,0.015,0.905,2.64134668,25.2975,27.667,9.989,0.028,2.09529134,"20180628 09:22:33.600601","20180628 09:18:30.110000",1
120,0.07125398,0.01991935,0.07114209,0.07102969,0.07101158,0.07089569,0.07080502,0.07123,0.07123398,0.07123399,0.07127375,0.07127998,0.03256892,0.03156892,0.015,0.905,2.64134668,25.2975,27.667,9.989,0.028,2.09529134,"20180628 09:22:34.008303","20180628 09:22:05.903000",1
343,0.07100771,0.036,0.07114209,0.07102969,0.07101158,0.07089569,0.07080502,0.07123,0.07123398,0.07123399,0.07127375,0.07127998,0.03256892,0.03156892,0.015,0.905,2.64134668,25.2975,27.667,9.989,0.028,2.09529134,"20180628 09:22:34.046385","20180628 09:18:30.110000",1
78,0.07125398,0.01991935,0.07114209,0.07102969,0.07101158,0.07089569,0.07080502,0.071229,0.07123,0.07123398,0.07127375,0.07127998,0.03256892,0.03156892,0.015,0.905,2.64134668,4.019,25.2975,27.667,0.028,2.09529134,"20180628 09:22:37.165168","20180628 09:22:05.903000",1
97,0.07125398,0.01991935,0.07114209,0.07102969,0.07101158,0.07089569,0.07080502,0.071229,0.07123,0.07123398,0.07127375,0.07127999,0.03256892,0.03156892,0.015,0.905,2.64134668,9.989,25.2975,27.667,0.028,2.09529134,"20180628 09:22:37.299499","20180628 09:22:05.903000",1
344,0.07100771,0.036,0.07114209,0.07102969,0.07101158,0.07089569,0.07080502,0.071229,0.07123,0.07123398,0.07127375,0.07127999,0.03256892,0.03156892,0.015,0.905,2.64134668,9.989,25.2975,27.667,0.028,2.09529134,"20180628 09:22:37.321511","20180628 09:18:30.110000",1
121,0.07125398,0.01991935,0.07114209,0.07102969,0.07101158,0.07089569,0.07080502,0.071229,0.07123,0.07123398,0.07127375,0.07127999,0.03256892,0.03156892,0.015,0.905,2.64134668,9.989,25.2975,27.667,0.028,2.09529134,"20180628 09:22:37.720846","20180628 09:22:05.903000",1
79,0.07125398,0.01991935,0.07114209,0.07102969,0.07101158,0.07089569,0.07080502,0.071229,0.07123,0.07123398,0.07127375,0.07127999,0.03256892,0.03156892,0.015,0.905,2.64134668,9.989,25.2975,27.667,0.028,2.09529134,"20180628 09:22:38.797673","20180628 09:22:05.903000",1
122,0.07125398,0.01991935,0.07102969,0.07101158,0.07089569,0.07080502,0.0708,0.071229,0.07123,0.07123398,0.07127375,0.07127997,0.03156892,0.015,0.905,2.64134668,35.4188163,9.989,25.2975,27.667,0.028,2.09529134,"20180628 09:22:39.460499","20180628 09:22:05.903000",1
318,0.07100771,0.036,0.07114209,0.07102969,0.07101158,0.07089569,0.07080502,0.071229,0.07123,0.07123398,0.07127375,0.07127999,0.03256892,0.03156892,0.015,0.905,2.64134668,9.989,25.2975,27.667,0.028,2.09529134,"20180628 09:22:39.523235","20180628 09:18:30.110000",1
80,0.07125398,0.01991935,0.07102969,0.07101158,0.07089569,0.07080502,0.0708,0.071229,0.07123,0.07123398,0.07127375,0.07128,0.03156892,0.015,0.905,2.64134668,35.4188163,9.989,25.2975,27.667,0.028,0.1081,"20180628 09:22:40.394081","20180628 09:22:05.903000",1
98,0.07125398,0.01991935,0.07102969,0.07101158,0.07089569,0.07080502,0.0708,0.071229,0.07123,0.07123398,0.07127375,0.07128,0.03156892,0.015,0.905,2.64134668,35.4188163,9.989,25.2975,27.667,0.028,0.1081,"20180628 09:22:40.561104","20180628 09:22:05.903000",1
345,0.07100771,0.036,0.07102969,0.07101158,0.07089569,0.07080502,0.0708,0.071229,0.07123,0.07123398,0.07127375,0.07128,0.03156892,0.015,0.905,2.64134668,35.4188163,9.989,25.2975,27.667,0.028,0.1081,"20180628 09:22:40.578249","20180628 09:18:30.110000",1
123,0.07125398,0.01991935,0.07102969,0.07101158,0.07089569,0.07080502,0.0708,0.071229,0.07123,0.07123398,0.07127375,0.07128,0.03156892,0.015,0.905,2.64134668,35.4188163,9.989,25.2975,27.667,0.028,0.1081,"20180628 09:22:41.060455","20180628 09:22:05.903000",1
319,0.07100771,0.036,0.07102969,0.07101158,0.07089569,0.07080502,0.0708,0.071229,0.07123,0.07123398,0.07127374,0.07127375,0.03156892,0.015,0.905,2.64134668,35.4188163,9.989,25.2975,27.667,2.09529129,0.028,"20180628 09:22:41.264885","20180628 09:18:30.110000",1
81,0.07125398,0.01991935,0.07102969,0.07101158,0.07089569,0.07080502,0.0708,0.071229,0.07123,0.07123398,0.07127374,0.07127375,0.03156892,0.015,0.905,2.64134668,35.4188163,9.989,25.2975,27.667,2.09529129,0.028,"20180628 09:22:42.020451","20180628 09:22:05.903000",1
346,0.07100771,0.036,0.07102969,0.07101158,0.07089569,0.07080502,0.0708,0.071229,0.07123,0.07123398,0.07127374,0.07127375,0.03156892,0.015,0.905,2.64134668,35.4188163,9.989,25.2975,27.667,2.09529129,0.028,"20180628 09:22:42.207957","20180628 09:18:30.110000",1
124,0.07125398,0.01991935,0.07102969,0.07101158,0.07089569,0.07080502,0.0708,0.071229,0.07123,0.07123398,0.07127374,0.07127375,0.03156892,0.015,0.905,2.64134668,35.4188163,9.989,25.2975,27.667,2.09529129,0.028,"20180628 09:22:42.679031","20180628 09:22:05.903000",1
99,0.07125398,0.01991935,0.07102969,0.07101158,0.07089569,0.07080502,0.0708,0.071229,0.07123,0.07123398,0.07127374,0.07127375,0.03156892,0.015,0.905,2.64134668,35.4188163,9.989,25.2975,27.667,2.09529129,0.028,"20180628 09:22:43.138589","20180628 09:22:05.903000",1
82,0.07114209,0.03256892,0.07102969,0.07101158,0.07089569,0.07080502,0.0708,0.071229,0.07123,0.07123398,0.07127374,0.07127375,0.03156892,0.015,0.905,2.64134668,35.4188163,9.989,25.2975,27.667,2.09529129,0.028,"20180628 09:22:42.020451","20180628 09:22:36.780000",2
125,0.07114209,0.03256892,0.07102969,0.07101158,0.07089569,0.07080502,0.0708,0.071229,0.07123,0.07123398,0.07127374,0.07127375,0.03156892,0.015,0.905,2.64134668,35.4188163,9.989,25.2975,27.667,2.09529129,0.028,"20180628 09:22:42.679031","20180628 09:22:36.780000",2
100,0.07114209,0.03256892,0.07102969,0.07101158,0.07089569,0.07080502,0.0708,0.071229,0.07123,0.07123398,0.07127374,0.07127375,0.03156892,0.015,0.905,2.64134668,35.4188163,9.989,25.2975,27.667,2.09529129,0.028,"20180628 09:22:43.138589","20180628 09:22:36.780000",2
347,0.07100771,0.036,0.07102969,0.07101158,0.07089569,0.07080502,0.0708,0.071229,0.07123,0.07123398,0.07127375,0.07128,0.03156892,0.015,0.905,2.64134668,35.4188163,9.989,25.2975,27.667,0.028,0.1081,"20180628 09:22:46.032427","20180628 09:18:30.110000",1
101,0.07114209,0.03256892,0.07102969,0.07101158,0.07089569,0.07080502,0.0708,0.071229,0.07123,0.07123398,0.07127375,0.07128,0.03156892,0.015,0.905,2.64134668,35.4188163,9.989,25.2975,27.667,0.028,0.1081,"20180628 09:22:46.404719","20180628 09:22:36.780000",1
83,0.07114209,0.03256892,0.07102969,0.07101158,0.07089569,0.07080502,0.0708,0.071229,0.07123,0.07123398,0.07127375,0.07128,0.03156892,0.015,0.905,2.64134668,35.4188163,9.989,25.2975,27.667,0.028,0.1081,"20180628 09:22:46.882580","20180628 09:22:36.780000",1
126,0.07114209,0.03256892,0.07102969,0.07101158,0.07089569,0.07080502,0.0708,0.071229,0.07123,0.07123398,0.07127375,0.07128,0.03156892,0.015,0.905,2.64134668,35.4188163,9.989,25.2975,27.667,0.028,0.1081,"20180628 09:22:47.046930","20180628 09:22:36.780000",1
320,0.07100771,0.036,0.07102969,0.07101158,0.07089569,0.07080502,0.0708,0.071229,0.07123,0.07123398,0.07127375,0.07128,0.03156892,0.015,0.905,2.64134668,35.4188163,9.989,25.2975,27.667,0.028,0.1081,"20180628 09:22:47.613329","20180628 09:18:30.110000",1
102,0.07114209,0.03256892,0.07102969,0.07101158,0.07089569,0.07080502,0.0708,0.071229,0.07123,0.07123397,0.07127375,0.07128,0.03156892,0.015,0.905,2.64134668,35.4188163,9.989,25.2975,25.332,0.028,0.1081,"20180628 09:22:55.610306","20180628 09:22:36.780000",1
84,0.07114209,0.03256892,0.07102969,0.07101158,0.07089569,0.07080502,0.0708,0.071229,0.07123,0.07123397,0.07127375,0.07128,0.03156892,0.015,0.905,2.64134668,35.4188163,9.989,25.2975,25.332,0.028,0.1081,"20180628 09:22:55.673065","20180628 09:22:36.780000",1
